4596 6000
279 482 390 575 bino,
418 480 631 557 accesserit
658 479 774 581 (Tac.
793 480 983 558 Histall.
1000 481 1052 557 bS
1068 480 1158 583 usp).
1210 482 1475 562 Nihilominus
1493 484 1676 564 Hilarius
1694 488 1876 567 Caesaris
1902 489 2020 571 liber·

277 597 342 662 tus
377 611 464 661 eum
501 585 720 680 detulerat,
754 597 935 686 tanquam
962 586 1099 662 audito
1127 586 1281 662 Vitellii
1308 600 1348 663 et
1375 589 1544 668 Othonis
1570 589 2020 696 principatupropriam

280 689 367 788 ipse
402 688 614 788 potentiam
651 700 691 762 et
726 688 1015 790 possessiouem
1043 689 1324 789 Hispaniarum
1357 703 1551 768 tentasset
1582 718 1707 794 euque
1744 695 2021 799 diplomatibus

281 793 428 867 nullum
457 790 674 894 principem
706 793 1037 893 praescripsisset.
1089 792 1348 894 Quamobrem
1377 794 1538 871 Cluvius
1556 793 1684 873 Rufus
1716 798 1856 874 omissa
1873 800 2019 902 Hispa·

282 894 369 987 uia,
406 907 448 969 ut
482 893 821 970 criminationibus
856 896 1005 975 obvium
1039 893 1142 988 iret,
1180 896 1282 972 circa
1315 895 1549 998 Lugdunum
1577 898 1781 977 Vitellium
1817 916 2020 980 assecutus

280 1012 360 1073 ests
387 997 597 1072 auctoritas
625 996 711 1098 ejus
739 998 977 1096 praevaluit,
1013 997 1067 1073 ita
1097 1009 1140 1073 ut
1166 998 1296 1098 puniri
1324 1000 1507 1077 libertum
1536 1027 1646 1079 suum
1674 1003 1889 1104 imperator
1916 1008 2018 1082 ultro

275 1096 435 1201 juberet
462 1100 578 1200 (Pac.
602 1100 706 1175 Hist.
735 1100 788 1175 11.
807 1101 888 1198 65).
942 1100 1098 1176 Deinde
1119 1100 1351 1202 Vespasiani
1384 1103 1540 1180 videtur
1564 1120 1697 1206 partes
1723 1107 1891 1201 fovisse3
1918 1134 2020 1185 naus·

280 1229 354 1304 que
384 1203 544 1279 Flavius
571 1202 762 1297 Sabinus,
798 1203 1031 1306 Vespasiani
1063 1204 1206 1300 irater,
1245 1204 1346 1282 Urbi
1381 1207 1625 1307 praelectus,
1661 1210 1812 1288 crebris
1840 1237 1926 1297 cum
1955 1211 2021 1288 Vi-

280 1308 392 1393 tellio
419 1306 664 1383 sermonibus
697 1308 746 1381 de
783 1332 878 1406 pace
913 1307 1182 1407 ponendisque
1210 1309 1328 1385 armis
1353 1334 1427 1410 per
1450 1310 1715 1388 conditionem
1741 1313 1921 1413 agitavitr
1955 1340 2020 1416 po·

280 1423 426 1486 strenuo
455 1410 493 1486 iu
522 1409 620 1484 aede
650 1409 868 1508 Apollinis,
897 1423 939 1485 ut
967 1410 1065 1485 lama
1093 1410 1181 1504 luit,
1207 1411 1416 1513 pepigerer
1444 1415 1561 1490 rerba
1588 1427 1716 1490 autem
1746 1440 1950 1517 vocesque,
1980 1430 2022 1492 ut

283 1514 446 1589 Tacitus
473 1512 642 1588 ailirrnat
669 1513 794 1610 (Hist.
823 1512 900 1589 111.
925 1513 1014 1615 65),
1047 1512 1147 1589 duos
1173 1527 1297 1603 testes
1323 1515 1539 1610 habebant,
1566 1515 1692 1618 ipsum
1725 1515 1910 1595 Cluvium
1936 1519 2023 1596 Bu·

267 1617 365 1720 suns
393 1629 432 1691 et
458 1616 598 1691 Silium
626 1615 822 1691 Italicum.
2009 1642 2011 1647 ’

289 1790 301 1817 Ὗ
379 1719 547 1819 Saepius
576 1720 784 1794 laudantur
811 1715 897 1819 ejus
915 1715 1082 1792 virtutes
1102 1726 1298 1815 artesque.
1350 1717 1441 1819 lpse
1459 1719 1673 1797 Helvidius
1694 1719 1876 1815 Priscus,
1903 1721 2019 1798 Paeti

274 1811 482 1897 Thraseae
509 1846 651 1921 gener,
690 1820 801 1921 cujus
830 1847 851 1898 e
881 1819 1052 1894 moribus
1084 1817 1183 1894 nihil
1210 1844 1333 1919 aeque
1361 1846 1406 1898 ae
1433 1821 1653 1900 libertatem
1682 1825 1833 1918 hausit,
1867 1824 2019 1912 cunctis

278 1929 382 2001 ritae
411 1924 553 2000 officiis
577 1924 814 2023 aequabilis,
842 1947 956 2023 opum
984 1933 1248 2021 contemptor,
1275 1922 1375 2000 recti
1402 1925 1606 2026 pervicax,
1633 1940 1815 2004 constans
1834 1929 2021 2003 adversus

282 2040 428 2120 metus,
467 2029 589 2126 primo
616 2027 849 2128 Vespasiani
885 2050 986 2101 anno
1019 2025 1060 2100 iu
1095 2038 1232 2100 senatu
1261 2025 1439 2105 Cluvium
1468 2027 1572 2105 dixit
1597 2030 1764 2131 perinde
1792 2031 1951 2106 divitem
1980 2043 2021 2116 et

280 2131 675 2331 llllllldlll
706 2130 802 2308 ‘ll
833 2154 1004 2333 llllll
1025 2127 2019 2336 llll:‘liz„llll‘hiltllhllltll‘l

235 2355 238 2360 ·
280 2338 405 2437 (Hist.
435 2336 467 2411 l.
493 2336 548 2436 8).
602 2337 819 2436 Scripsisse
847 2360 935 2409 eum
964 2346 1116 2409 constat
1143 2332 1343 2410 historiam
1371 2334 1432 2411 sui
1461 2336 1672 2437 temporis3
1699 2350 1738 2413 at
1764 2339 1865 2436 quod
1886 2365 2016 2416 rerum

278 2442 449 2620 {ulli
484 2465 593 2618 ⁰i›¹¹.⁸0
615 2436 2018 2646 {llllllzlllllll.Jz'lilllll‘lllll..stilaillul.

451 2596 462 2617 ·
639 2599 640 2603 ¹
1443 2598 1455 2635 r

279 2646 430 2724 Galbae
458 2645 703 2743 othonisque
739 2645 780 2720 in
808 2670 856 2720 eo
883 2642 1006 2718 fuisse
1034 2641 1297 2742 descriptumr
1333 2668 1417 2719 nam
1444 2644 1494 2721 de
1528 2660 1704 2742 tempore
1731 2646 1902 2723 Neronis
1929 2648 2019 2723 clu·

274 2753 383 2848 ,vium
411 2751 553 2825 iterum
582 2750 714 2824 laudat
745 2746 909 2824 Tacitus
937 2746 1055 2836 (Anu.
1082 2743 1283 2837 xllluu,
1310 2744 1495 2846 xlm),
1523 2749 1572 2824 de
1596 2749 1765 2825 Othonis
1792 2766 1920 2826 auteur
1948 2750 2016 2826 im·

280 2854 391 2955 perio
425 2853 546 2938 semel
583 2850 819 2927 Plutarchus
864 2848 983 2949 (Oth.
1017 2873 1051 2923 c.
1085 2847 1131 2939 33
1175 2848 1225 2922 cf.
1263 2848 1376 2925 Suet.
1413 2850 1506 2926 0th.
1540 2849 1585 2943 i,
1621 2850 1732 2953 cujus
1766 2855 1903 2928 verba:
1949 2868 2019 2946 „ut

278 2956 434 3057 quidam
461 2955 737 3030 tradideruut“
763 2954 811 3029 ad
841 2951 1008 3028 eundem
1034 2949 1284 3052 respiciunt).
1338 2951 1449 3028 Idem
1478 2954 1563 3029 erui
1584 2964 1713 3056 potest
1739 2982 1761 3031 e
1783 2954 1906 3031 Plinii
1935 2956 2018 3076 epi·

278 3062 377 3135 stola
409 3057 455 3134 19
481 3058 571 3133 libri
592 3057 661 3151 lx,
691 3056 794 3133 unda
821 3066 973 3131 constat
999 3079 1087 3129 enm
1108 3053 1286 3153 Verginii
1306 3054 1397 3132 uua
1424 3080 1489 3132 res
1514 3071 1643 3156 gestas
1670 3070 1879 3152 tractasse,
1907 3083 2018 3159 cujus

276 3174 410 3265 partes
439 3187 509 3262 per
536 3186 603 3235 eos
631 3160 873 3260 potissimum
904 3182 1025 3233 annos
1052 3155 1241 3232 maximae
1269 3157 1446 3250 luerunt,
1472 3160 1613 3258 quihus
1634 3161 1736 3235 bella
1756 3160 1886 3237 civilia
1903 3175 2016 3262 gesta

279 3278 383 3341 sunt.
435 3263 587 3340 Vitellii
616 3263 876 3363 principatum
905 3259 1067 3336 Cluvius
1094 3282 1277 3335 enarasse
1306 3285 1380 3335 non
1409 3260 1585 3353 videtum
1620 3262 1660 3338 id
1690 3263 1791 3339 enim
1820 3265 1962 3366 colligo
1991 3275 2012 3341 e

280 3367 411 3445 'l'aciti
439 3368 509 3442 lib.
537 3365 600 3440 ΙΙΙ
629 3365 892 3440 Historiarum
923 3388 956 3437 c.
979 3361 1030 3437 db
1055 3387 1133 3462 sq„
1162 3362 1264 3439 unda
1291 3374 1417 3464 patet,
1444 3364 1581 3439 saltem
1611 3365 1660 3440 de
1690 3367 1837 3446 ultimis
1862 3367 2015 3444 Vitellii

274 3470 521 3572 temporibus
558 3469 653 3544 nihil
686 3467 862 3568 potuisse
899 3462 1062 3563 exejus
1097 3490 1217 3564 opere
1252 3466 1393 3542 adres
1428 3465 1534 3566 ipsas
1562 3468 1825 3546 enucleandas
1852 3471 2017 3550 desumi.

377 3574 516 3673 Magna
546 3598 630 3647 curu
659 3570 736 3646 lide
766 3570 943 3645 Cluvium
972 3567 1175 3642 historiam
1203 3567 1432 3669 scripsisse,
1459 3582 1498 3644 at
1527 3570 1740 3670 fragmenta
1768 3586 1808 3648 at
1835 3585 2016 3650 auctores

278 3675 425 3752 laudati
463 3687 669 3750 testantur.
723 3671 887 3748 'Pacitus
921 3672 958 3746 ei
995 3683 1160 3766 utroque
1197 3671 1290 3746 loco
1320 3672 1407 3774 plus
1434 3672 1573 3748 tribuit
1599 3673 1716 3769 lidai,
1748 3700 1862 3774 quam
1889 3676 2015 3753 Fabio

276 3779 454 3855 Rustico.
506 3780 566 3853 Ad
597 3801 737 3854 aunum
765 3774 815 3850 56
840 3801 878 3877 p.
907 3774 999 3849 obe
1050 3772 1244 3865 „Fubius,
1270 3773 1419 3871 inquit,
1446 3774 1634 3852 Rusticus
1660 3789 1875 3854 auctorest
1895 3780 2016 3880 scrip·

274 3896 337 3957 tos
364 3905 451 3957 esse
479 3883 526 3957 ad
555 3879 761 3956 Caecinam
791 3878 965 3954 Tuscum
991 3875 1198 3952 codicillos
1225 3877 1404 3954 mandata
1430 3876 1466 3953 ei
1497 3879 1779 3976 praetoriorum
1799 3881 2016 3960 cohortium

277 4009 390 4061 cura:
426 3985 494 4059 sed
531 4009 606 4083 ope
641 3982 818 4057 Senarus
856 3978 1120 4080 dignationem
1155 3977 1286 4055 Burro
1321 3992 1528 4058 retentam.
1587 3979 1744 4058 Plinius
1780 3997 1820 4060 et
1848 3981 2017 4061 Cluvius

276 4088 378 4164 nihil
407 4087 624 4163 dubitatum
655 4085 706 4159 da
734 4082 813 4159 fide
839 4082 1032 4184 praefecti
1059 4081 1249 4158 relerunt.
1302 4080 1406 4158 Sane
1432 4081 1581 4160 Fabius
1614 4084 1776 4161 inclinat
1801 4086 1849 4161 ad
1878 4087 2015 4163 laudes

275 4192 468 4280 Senecae,
496 4187 607 4288 cnjus
634 4186 805 4262 amicitia
831 4185 1005 4262 floruit.“
1052 4183 1112 4259 nd
1142 4208 1282 4261 sunum
1310 4198 1437 4260 auteur
1465 4183 1541 4262 oua
1574 4187 1745 4279 „Tradit
1765 4185 1930 4265 Clunirra
1956 4215 2015 4265 ar·

276 4294 372 4370 dore
408 4293 639 4369 retinendae
667 4287 920 4393 Agrippinam
957 4286 1158 4388 potentiae
1186 4312 1233 4362 eo
1263 4312 1384 4385 usque
1411 4301 1654 4388 provectam,
1692 4304 1735 4368 ut
1763 4291 1891 4368 medio
1919 4291 2013 4387 diei,

275 4422 361 4475 cum
388 4396 430 4473 id
458 4395 646 4494 temporis
670 4391 775 4470 Nero
802 4417 875 4493 per
901 4393 1031 4466 vinum
1056 4402 1101 4466 et
1127 4390 1263 4488 epulas
1289 4390 1570 4484 incalesceret,
1597 4392 1761 4469 offerret
1786 4420 1829 4469 se
1857 4395 2015 4495 saepius

199 4577 203 4584 ,
273 4500 490 4575 temulento
518 4508 707 4596 comptam
736 4508 775 4570 et
802 4496 952 4570 incesto
980 4505 1175 4593 paratam3
1204 4488 1354 4592 'amque
1382 4493 1525 4571 lasciva
1551 4497 1684 4571 oscula
1703 4507 1744 4572 et
1762 4494 2015 4598 praenuntias

274 4603 412 4705 flagitii
440 4600 650 4677 blanditias
674 4599 949 4674 adnotantibus
975 4595 1168 4696 proximis
1187 4517 1378 4672 deseram
1405 4608 1541 4674 contra
1561 4598 1772 4674 muliebres
1792 4599 2014 4678 inlecebras

274 4705 493 4783 subsidium
521 4729 542 4779 a
570 4703 715 4779 lemine
737 4700 948 4802 petivisses
978 4697 1264 4797 immissamque
1291 4699 1418 4775 Acten
1445 4699 1648 4794 libertam,
1672 4726 1773 4803 quae
1798 4702 1915 4780 simul
1941 4729 2015 4782 sue

274 4809 454 4911 periculo
500 4819 539 4881 et
578 4803 739 4883 iniamia
774 4802 945 4879 Neronis
989 4800 1106 4876 anxis
1150 4800 1346 4894 delerret,
1389 4803 1659 4903 pervulgatum
1699 4829 1788 4880 esse
1823 4806 2015 4889 incestum

300 4913 468 4988 loriaute
496 4918 640 5002 matre,
666 4933 739 4983 nec
764 4907 1003 4983 toleraturos
1027 4902 1173 4980 milites
1200 4903 1352 5003 profani
1379 4904 1571 5006 principis
1597 4906 1817 5006 imperium.
1867 4908 2015 4986 Fabius

274 4938 463 5091 ildericus
490 5037 567 5088 nou
587 5008 846 5112 Agrippinae,
873 5008 943 5083 sed
965 5006 1112 5083 Neroni
1141 5005 1314 5107 cupitum
1341 5006 1382 5081 id
1410 5019 1597 5084 memorat
1622 5007 1876 5110 ejusdemque
1898 5010 2015 5106 liher-¹

274 5128 338 5193 tae
367 5127 453 5192 asta
480 5111 710 5215 disjectnm3
737 5112 806 5188 sed
835 5136 933 5210 quae
962 5109 1145 5202 cluvius,
1180 5109 1317 5185 sudem
1344 5110 1468 5186 reteri
1496 5137 1646 5211 quoque
1674 5124 1854 5190 auctores
1880 5115 2013 5215 prudi-

275 5220 371 5296 dere
400 5232 441 5296 et
466 5218 567 5295 lama
594 5218 670 5293 huc
696 5215 899 5292 inclinat.“
951 5211 1108 5288 Plinius
1135 5213 1161 5288 l.
1188 5236 1222 5287 c.
1250 5224 1402 5304 narrat,
1431 5210 1615 5290 Cluvium
1640 5214 1784 5293 Ruluru
1813 5240 1899 5293 cum
1917 5217 2015 5295 Ver·

271 5323 380 5427 giuiu
409 5322 512 5398 Rufo
546 5322 600 5397 ita
635 5318 844 5420 aliquando
880 5318 1104 5418 loquutumr
1156 5313 1292 5408 „Scis,
1326 5313 1513 5416 Vergini,
1549 5343 1648 5418 quae
1683 5318 1874 5399 historiae
1913 5319 2013 5398 fides

272 5428 484 5505 debeaturr
511 5424 678 5525 proinde
705 5422 740 5499 si
767 5420 859 5522 quid
888 5420 930 5498 iu
957 5418 1135 5496 historiis
1162 5417 1260 5495 meis
1285 5417 1385 5519 legis
1411 5418 1529 5497 aliter
1554 5446 1600 5498 ac
1618 5421 1765 5518 valles,
1792 5448 1886 5524 rogo
1904 5421 2013 5524 iguo·
