4596 6000
1051 268 1413 351 ...12...

355 453 512 531 acriora
541 452 713 546 latricis,
742 455 970 533 candidiora
995 450 1330 557 Circejonsihus.“
1380 455 1564 534 XXXVI.
1592 454 1642 533 18
1664 454 1779 559 (Villa
1801 457 2100 561 'l'lreophrutns

355 569 396 635 et
423 557 650 651 Mucianus,
677 583 764 632 esse
792 559 944 660 aliquos
963 559 1138 660 lapides,
1165 560 1232 660 qni
1249 560 1421 660 pariant,
1447 561 1629 637 credunt.
1681 558 1788 636 XIV.
1806 561 1836 637 3
1857 560 1917 662 (o)
1944 564 2100 641 devino

355 662 568 753 Maroneo,
596 661 634 735 in
665 661 860 738 Thraciae
891 664 1086 739 maritima
1110 677 1222 764 parte
1249 664 1403 762 genitor
1454 663 1612 764 Quippe
1640 687 1760 763 quon
1784 664 2013 764 Mucianus,
2039 679 2104 745 ter

356 765 527 854 Consul,
556 788 604 838 ex
634 764 716 856 bis,
744 767 808 863 qni
839 767 1064 866 nuperrime
1091 767 1327 867 prodidere,
1353 766 1550 843 sextarios
1569 766 1746 866 singulos
1763 768 1962 868 octogenis
1979 795 2102 868 aquae

358 868 513 943 misceri
543 869 782 966 compererit
808 895 998 969 praesens
1027 871 1066 946 in
1095 882 1299 946 cotractu.
1352 869 1459 946 XVl.
1477 870 1528 942 40
1555 868 1639 971 (39)
1667 870 1717 946 de
1743 870 1951 951 simulacro
1970 871 2104 972 Ephe·

356 972 439 1047 siae
468 969 639 1045 Dioneae
692 971 825 1047 Ceteri
855 997 904 1047 ex
933 975 1059 1048 ebeno
1087 997 1175 1048 esse
1202 973 1385 1064 tradunt3
1412 971 1641 1066 Mucianus,
1668 974 2001 1067 terdecentes
2028 976 2103 1069 his,

356 1076 422 1175 qui
450 1074 628 1173 proxime
655 1074 738 1149 viso
767 1102 814 1149 eo
842 1075 1060 1176 scripsere,
1090 1076 1338 1175 vitigineum,
1366 1087 1407 1151 et
1435 1101 1638 1177 numquam
1667 1082 1857 1153 runtntum'
1873 1078 2021 1177 septies
2042 1104 2104 1154 re-

358 1181 498 1254 stituto
526 1179 685 1276 templo.
738 1177 993 1278 ΧΧΙ.6(Ι3)
1021 1180 1071 1253 de
1099 1183 1236 1256 crocos
1287 1180 1494 1256 Mucianus
1522 1191 1765 1272 auctorest,
1793 1178 1974 1282 inLycia
2002 1206 2102 1258 anno

358 1282 524 1381 septimo
560 1293 627 1354 aut
661 1293 797 1357 octavo
833 1282 1039 1358 transferri
1068 1283 1108 1357 in
1137 1284 1264 1357 locum
1291 1284 1513 1374 subactum,
1549 1295 1664 1381 etqua
1693 1283 1746 1356 ita
1773 1283 2018 1384 degenerans
2046 1310 2104 1359 re·

343 1387 508 1463 >novari
560 1381 745 1460 XXXIV.
773 1385 797 1458 3
824 1384 931 1483 (Ι3)ε
982 1384 1112 1461 Rhodi
1148 1385 1358 1463 etiamnum
1392 1387 1469 1461 tria
1496 1384 1618 1461 millia
1644 1384 1843 1485 signorum
1871 1411 1982 1480 esse,
2020 1387 2104 1462 Mu-

359 1493 495 1567 cianus
533 1500 594 1562 ter
621 1487 767 1562 Consul
805 1487 992 1587 prodidit.
1045 1486 1438 1587 xxxv1.1t(tt)=
1489 1487 1535 1564 In
1563 1489 1665 1563 Asso
1693 1488 1863 1564 Troadis
1898 1491 2105 1589 sarcopbas

355 1621 427 1696 gns
456 1590 556 1692 lapis
590 1589 702 1665 fissili
738 1615 836 1666 vena
864 1591 1072 1667 scinditur.
1123 1591 1297 1691 Corpore
1327 1592 1602 1670 defunctorum
1626 1591 1784 1669 condita
1811 1591 1852 1668 in
1879 1616 1927 1667 eo
1955 1593 2106 1669 absumi

360 1707 514 1775 constat
541 1747 551 1767 .
580 1747 629 1767 ..
682 1693 890 1769 Mucianus
923 1696 1083 1794 specula
1117 1719 1294 1794 quoque,
1329 1709 1369 1771 et
1403 1695 1598 1794 strigiles,
1638 1707 1679 1769 et
1715 1709 1864 1788 vestes,
1900 1709 1941 1769 et
1967 1696 2107 1772 calcia·
2264 1737 2266 1740 >

358 1812 488 1880 menta
516 1796 622 1872 illata
653 1796 816 1872 mortuis
844 1797 1000 1897 lapidea
1027 1796 1136 1888 lieri,
1163 1807 1399 1874 auctorest.

460 1900 573 1976 Haoc
608 1913 701 1975 sunt
735 1924 833 1997 quae
868 1901 908 1975 in
936 1900 1061 1976 Plinii
1094 1900 1207 1977 libris
1241 1901 1399 2000 repperi
1426 1897 1603 1976 Muciani
1638 1897 1852 1998 fragmenta
1890 1899 1960 1996 (cl.
1988 1899 2107 1977 etiam

360 2003 509 2082 XlX.l
541 2002 594 2102 (2,
611 2001 666 2100 2).
719 2001 954 2078 XXVlll.2
980 2002 1051 2100 (5).
1104 2002 1266 2078 XXXV.
1289 2006 1333 2078 lt
1359 2000 1456 2103 (46),
1485 2002 1589 2077 unde
1616 2013 1745 2079 tamen
1776 2003 1880 2078 nulla
1909 2002 1993 2080 erni
2024 2027 2109 2102 pos·

361 2123 453 2205 snut
473 2101 721 2204 fragmenta).
746 2105 866 2198 Satis,
884 2106 922 2181 ni
943 2107 1070 2198 lallor,
1088 2106 1244 2199 docent,
1260 2132 1357 2206 opus
1375 2103 1461 2206 ejus
1477 2129 1715 2204 nequaqnam
1736 2103 1860 2181 fuisse
1875 2106 2107 2184 historicum

359 2236 477 2286 sensu
501 2209 678 2309 politico,
705 2208 774 2282 sed
805 2222 848 2284 ut
874 2210 955 2285 dixi
979 2210 1281 2310 geographicum
1310 2211 1391 2283 sive
1413 2209 1641 2286 historicum
1663 2210 1853 2301 naturale,
1879 2205 2011 2307 itaque
2030 2209 2108 2284 tale

362 2314 540 2403 omnino,
568 2313 682 2411 quale
708 2311 777 2385 ille
805 2312 984 2387 condidit
1011 2325 1159 2404 auctor,
1185 2314 1251 2412 qni
1275 2326 1332 2387 tot
1359 2336 1409 2387 ex
1435 2337 1482 2387 eo
1511 2311 1777 2410 deprompsitt
1803 2309 1978 2391 Plinium
2005 2312 2108 2389 dieo.

360 2418 449 2492 lam
488 2417 607 2514 igitur
633 2414 809 2489 Muciani
845 2439 986 2491 nomen
1020 2440 1163 2491 censeo
1191 2442 1212 2493 e
1243 2415 1518 2492 historicorum
1546 2414 1663 2491 istius
1688 2413 1774 2490 nesi
1803 2438 1964 2490 numero
1991 2416 2107 2514 plane

195 2521 197 2524 ’
361 2547 449 2595 esse
470 2517 811 2616 exstinguendum.
863 2518 1023 2594 Primus
1050 2519 1208 2595 videtur
1242 2518 1282 2593 in
1311 2542 1484 2595 errorem
1513 2517 1702 2596 incidisse
1724 2514 1888 2593 Vossius
1922 2516 1989 2616 (de
2018 2516 2110 2592 hist.

360 2626 430 2701 lat.
457 2623 491 2696 Ι.
516 2619 567 2696 23
593 2646 631 2720 p.
658 2620 730 2694 140
756 2618 852 2720 οφ),
887 2646 1000 2722 quem
1035 2634 1173 2721 postea
1202 2619 1312 2699 multi
1340 2621 1428 2714 alii,
1464 2619 1569 2696 sicut
1593 2619 1802 2698 Benanrns
1832 2618 1974 2716 (Rom.
2000 2618 2110 2697 Lite·

364 2724 618 2825 rulurgesclr.
645 2749 684 2823 p.
700 2722 789 2797 333.
825 2724 875 2799 cl.
904 2725 967 2799 ed.
994 2723 1031 2798 3.
1058 2725 1114 2802 ΙΙ.
1145 2722 1255 2824 m),
1291 2723 1597 2802 Boarrrcnanus
1624 2721 1741 2822 (Lex.
1771 2722 1900 2799 Tacit.
1927 2748 1965 2821 p.
1984 2720 2110 2820 XXl'),

365 2830 574 2906 llnnusrus
608 2824 676 2924 (de
699 2825 880 2902 Suetonii
911 2828 1048 2903 lontib.
1076 2853 1115 2927 p.
1141 2826 1229 2927 68),
1265 2826 1390 2905 secuti
1418 2842 1521 2902 sunt.
1576 2823 1693 2904 Unde
1720 2825 1783 2918 lit,
1818 2837 1862 2902 ut
1886 2825 2113 2903 Mucianum

365 2933 545 3031 saepius,
577 2928 758 3003 nimirum
795 2943 954 3029 praeter
988 2954 1101 3007 omne
1128 2926 1219 3031 jus,
1253 2941 1334 3008 tum
1362 2927 1544 3005 Suetonii
1578 2940 1661 3006 tum
1689 2927 1819 3005 Taciti
1847 2929 2023 3005 lontibus
2048 2927 2115 3003 ade

366 3035 553 3109 scribant.
605 3032 790 3108 Ceterum
815 3058 940 3132 neque
968 3045 1059 3109 ante
1086 3058 1212 3132 neque
1239 3045 1330 3134 post
1350 3031 1583 3132 Vespasiani
1610 3030 1818 3131 imperium
1845 3054 1943 3130 opus
1963 3026 2050 3130 ejus
2070 3028 2114 3106 in

367 3141 494 3214 lucem
530 3134 728 3234 prodiisse
764 3161 847 3211 eam
884 3138 932 3210 ob
958 3161 1122 3217 ,causam
1157 3161 1229 3236 pro
1264 3149 1372 3213 certo
1408 3133 1595 3213 affirmari
1622 3147 1777 3235 potest,
1810 3132 1913 3233 quod
1941 3132 2112 3227 Plinius,

369 3241 514 3338 quippe
550 3237 615 3335 qui
652 3263 752 3311 anno
786 3236 838 3311 39
863 3263 902 3337 p.
929 3239 1001 3315 Cb.
1029 3264 1066 3313 n.
1102 3239 1291 3339 perierit,
1328 3238 1530 3315 historiam
1568 3262 1677 3316 sunm
1710 3238 1926 3314 ustorum
1965 3234 2114 3313 ultimis

367 3339 600 3440 Vespasiani
629 3341 741 3416 annis
760 3340 925 3415 maxima
942 3344 1078 3417 saltem
1107 3367 1157 3419 ex
1178 3355 1289 3442 parte
1303 3337 1407 3442 juris
1429 3340 1576 3440 publici
1596 3341 1714 3431 lecit,
1741 3338 1874 3439 ibique
1892 3339 2115 3418 Mucianum

368 3457 431 3523 ter
457 3443 666 3521 Consulem
707 3459 746 3517 et
781 3447 1010 3542 nuperrime
1044 3444 1120 3520 ista
1153 3445 1376 3546 prodidisse
1413 3443 1582 3520 dictitat.
1634 3442 1763 3543 lgitur
1787 3436 1996 3519 Mucianus
2017 3466 2115 3542 opus

369 3574 480 3625 suum
510 3545 684 3620 ediderit
710 3546 782 3619 sub
810 3545 895 3645 ipso
923 3545 1166 3647 Vespasiano
1195 3549 1303 3625 inter
1326 3571 1415 3622 aun.
1442 3544 1494 3620 33
1513 3561 1554 3621 et
1570 3543 1624 3620 38
1648 3572 1687 3647 p.
1705 3544 1777 3621 Ch.
1798 3566 1836 3621 n.
1860 3570 2022 3621 necesse
2043 3555 2117 3621 est.

475 3649 691 3724 Praeterea
719 3672 812 3721 sune
841 3661 882 3722 et
906 3649 1024 3725 elium
1045 3650 1122 3726 sibi
1140 3651 1349 3728 Mucianus
1366 3645 1539 3749 injunxit
1554 3649 1727 3725 lahorem
1746 3646 1976 3741 litteratum,
2002 3670 2117 3746 mem

370 3754 442 3828 bac
470 3749 676 3825 occasione
711 3750 871 3826 silentio
898 3753 1216 3850 praetermittere
1252 3779 1326 3831 nou
1355 3753 1470 3844 licet,
1532 3750 1728 3828 uamvisa
1755 3750 1881 3852 priori
1908 3751 1977 3828 illo
2004 3748 2117 3826 ualde

369 3857 423 3929 sit
450 3852 666 3929 dissimilis.
719 3852 869 3952 Nempe
903 3854 944 3929 in
981 3854 1136 3956 dialogo
1171 3856 1221 3933 de
1256 3855 1477 3933 oratoribus
1502 3778 1638 3931 lulius
1664 3853 1873 3930 Secundus
1904 3852 1958 3931 its
1994 3850 2119 3952 loqui·

368 3972 453 4051 ture
495 3955 667 4050 „Nescio
703 3979 751 4031 an
786 3955 969 4033 venerint
1002 3957 1043 4034 in
1080 3984 1215 4035 manus
1247 3971 1397 4037 vestras
1424 3957 1527 4033 bueo
1552 3965 1713 4052 vetere,
1747 3980 1852 4056 paee
1886 3968 1927 4031 et
1955 3955 1994 4031 in
2022 3954 2119 4031 snti-

370 4059 596 4160 quariorum
630 4056 880 4133 bibliothecis
916 4059 1043 4136 adbuc
1078 4071 1253 4157 manent,
1288 4073 1329 4138 et
1364 4086 1453 4139 cum
1478 4059 1644 4136 maxime
1677 4083 1705 4135 o
1732 4055 1931 4135 Muciano
1958 4067 2119 4133 contro·-

252 4171 255 4177 ’
371 4163 547 4238 huntur:
585 4185 630 4235 ec
660 4159 741 4260 jam
776 4159 980 4257 undecim,
1027 4174 1071 4238 ut
1110 4165 1270 4264 opinor,
1309 4163 1504 4242 Actorum
1539 4161 1675 4254 libris,
1724 4168 1764 4237 et
1797 4160 1925 4236 tribus
1958 4159 2120 4260 Episto-

371 4268 505 4342 lurum
531 4267 752 4362 composita
779 4271 818 4337 et
844 4263 956 4339 editu
981 4273 1075 4341 sunt
1100 4287 1153 4360 tc.
1171 4266 1280 4368 33).“
1332 4268 1422 4342 Hoc
1450 4277 1536 4342 erat
1563 4290 1704 4365 corpus
1732 4277 1915 4364 tanquam
1932 4263 2120 4363 diploma·

368 4370 512 4458 ticum,
540 4390 616 4464 quo
645 4364 964 4459 continebantur,
991 4379 1151 4467 praeter
1178 4369 1363 4471 epistolas
1390 4368 1601 4471 separatim
1628 4368 1830 4459 collectas,
1852 4382 2008 4443 veteres
2035 4389 2119 4445 oro·

370 4473 501 4548 tiones
528 4468 771 4568 temporibus
802 4468 1047 4568 reipublicae
1075 4471 1248 4567 habitas,
1283 4486 1328 4549 ut
1354 4499 1389 4549 e.
1415 4499 1453 4572 g.
1480 4467 1660 4571 Pompeji
1690 4480 1731 4546 et
1757 4467 1893 4547 (lrsssi
1919 4467 2120 4551 orationes
2175 4540 2177 4547 .
2291 4542 2296 4578 4

372 4574 470 4671 (aid.
498 4572 524 4648 l.
553 4568 619 4670 e).
671 4568 780 4670 Ergo
807 4569 1000 4648 Actorum
1027 4573 1087 4651 illi
1117 4574 1208 4651 libri
1236 4575 1334 4653 nibil
1363 4575 1540 4674 profecto
1567 4592 1658 4649 sunt
1685 4566 1813 4667 alind,
1840 4570 1918 4649 nisi
1945 4584 2120 4649 actorum

359 4676 596 4780 sorensium
630 4672 835 4750 collectior
873 4672 1011 4755 mirum
1047 4680 1233 4776 quantum
1264 4704 1291 4757 a
1316 4702 1408 4753 vero
1437 4678 1615 4754 nonnulli
1643 4677 1875 4752 oberrarunt
1896 4673 1972 4751 riri
1999 4673 2120 4768 docti,

372 4804 461 4858 cnm
489 4801 536 4852 ea
562 4773 609 4850 ad
639 4773 786 4852 diversi
817 4775 938 4952 glane
973 4779 1132 4878 generis
1158 4791 1264 4873 acto,
1298 4781 1405 4856 verbi
1435 4805 1552 4855 cansa
1578 4794 1737 4854 senatus
1764 4787 1833 4857 ant
1856 4776 1994 4879 populi
2020 4776 2123 4854 role-

370 4881 766 4961 rendacensoerunt.
852 4889 981 4956 onstat
999 4891 1040 4957 et
1060 4882 1329 4983 huncquoque
1349 4883 1622 4959 collectionem
1640 4879 2121 4981 Vespasiano-imperante

369 4986 512 5062 factam
540 5004 651 5073 esse,
684 5004 799 5080 quum
828 4980 1007 5083 dialogus
1041 4982 1339 5064 decretoribus
1366 4999 1479 5063 sexto
1507 4982 1593 5088 ejus
1618 4983 1812 5087 principis
1837 5002 1940 5061 anns
1966 4979 2121 5058 habitos

373 5089 427 5166 sit
453 5084 552 5188 (sio
578 5109 612 5158 c.
642 5081 661 5156 l
691 5095 731 5159 et
758 5108 793 5158 c.
822 5081 900 5182 13).

371 5225 372 5229 ¹
472 5188 562 5264 lam
595 5209 695 5271 vero,
726 5185 821 5263 satis
857 5198 929 5263 est.
981 5185 1142 5267 Etenim
1177 5189 1368 5267 terminos
1403 5189 1537 5290 attigi,
1573 5187 1735 5288 quibos,
1772 5202 1858 5264 ehu
1891 5194 2012 5262 totem
2038 5208 2122 5262 rem

375 5293 440 5380 hic
467 5290 672 5369 absolvere
699 5312 911 5391 nequeam,
938 5289 1218 5392 disputationis
1246 5317 1401 5377 cursum
1429 5292 1474 5370 in
1499 5291 1667 5371 exordio
1692 5287 1998 5392 circumscripsi.

1053 5500 1461 5524 ..ο-
