4596 6000
203 872 280 1001 Na
309 936 445 1023 putes,
472 925 598 1002 lector
624 927 838 1022 benevole,
870 926 911 1004 id
941 952 1027 1003 essa
1056 926 1262 1004 consilium
1290 955 1438 1023 meum,
1465 935 1509 1004 ut
1537 927 1671 1029 quanti
1698 927 1778 1003 sint
1804 928 1948 1024 ponde·

205 1028 263 1105 ris
292 1027 424 1104 'l'aciti
460 1041 500 1103 et
525 1028 709 1106 Suetonii
738 1042 778 1107 et
803 1031 1007 1106 Plutarchi
1047 1033 1371 1109 narrationesin
1408 1032 1526 1108 rebus
1560 1030 1657 1135 ipsis
1695 1024 1949 1106 enucleandis

145 1202 147 1207 .
205 1132 271 1208 hic
298 1131 550 1233 perpendere,
575 1133 704 1209 velim.
757 1133 873 1235 Quod
902 1134 1081 1233 equidem
1110 1135 1187 1210 alio
1217 1137 1302 1212 loco
1331 1135 1538 1236 perlicere,
1565 1134 1604 1210 in
1631 1134 1882 1234 perducendo
1901 1135 1948 1210 ad

206 1235 324 1327 finem
352 1260 472 1335 opere
502 1260 588 1310 meo
613 1236 663 1310 de
692 1235 817 1336 primo
846 1237 1130 1339 imperatorum
1159 1237 1420 1314 Romanorum
1448 1239 1629 1328 saeculo,
1657 1234 1768 1332 cujus
1795 1237 1949 1312 nonnisi

207 1339 328 1414 tertia
354 1362 444 1438 pars
473 1348 534 1412 est
560 1338 662 1414 liber
689 1340 905 1440 inscriptus
932 1338 1203 1435 „Gescbicbte
1224 1341 1296 1416 der
1313 1340 1448 1416 Denlr-
1469 1339 1556 1415 und
1577 1338 1952 1440 Glaubensffreibeit

209 1445 262 1515 im
281 1448 411 1515 ersten
431 1438 719 1516 Jabrbundert
745 1442 818 1519 der
834 1443 1222 1545 Kaiserberrscbust
1239 1442 1324 1519 und
1342 1443 1411 1518 des
1434 1441 1765 1520 Christentbums.
1803 1443 1951 1517 Berlin

211 1540 349 1636 lew,
386 1542 479 1618 mibi
511 1540 739 1644 jamdudum
775 1545 977 1647 proposui.
1040 1544 1251 1646 Quaedam·
1275 1557 1403 1621 tamen
1439 1546 1680 1640 notationes,
1720 1571 1817 1646 quae
1856 1546 1951 1621 illuc

209 1646 434 1749 pertinent,
462 1647 553 1722 huic
580 1647 838 1749 disputationi
865 1645 1175 1749 praemittendae
1203 1675 1289 1724 esse
1319 1650 1413 1724 mihi
1441 1650 1636 1725 videntur.

307 1751 414 1840 Ante
450 1750 580 1825 omnia
616 1753 898 1827 observandum
937 1765 1016 1844 est,
1053 1751 1235 1827 Tacitum
1274 1752 1313 1826 in
1349 1752 1491 1827 studiis
1527 1752 1609 1827 suis
1645 1750 1843 1825 historicis
1869 1761 1951 1825 tres

208 1852 354 1952 gradus
390 1853 648 1952 perfectionis
691 1855 950 1954 percurrisse.
1023 1853 1221 1946 Primum,
1264 1855 1303 1929 in
1342 1855 1419 1930 vita
1452 1855 1658 1954 Agricolae
1696 1854 1951 1946 conficiendo,

211 1957 296 2030 fere
337 1954 493 2031 omnino
534 1983 555 2030 e
592 1956 871 2033 traditionibus
909 1971 948 2033 et
984 1982 1052 2031 sua
1090 1958 1213 2057 ipsius
1258 1958 1416 2033 notione
1454 1984 1584 2033 rerum
1621 1982 1951 2056 personarumque

212 2059 367 2152 hausta,
405 2059 480 2133 etsi
508 2058 610 2134 haud
639 2059 757 2136 dubie
786 2062 929 2136 eximia
957 2060 1214 2137 admiratione
1242 2060 1356 2159 digna
1385 2072 1464 2155 est,
1504 2061 1555 2135 nil
1585 2072 1711 2134 tamen
1741 2060 1816 2134 nisi
1845 2064 1953 2159 inge·

213 2164 324 2235 niurn
351 2162 548 2236 excelsum
577 2173 617 2237 et
643 2162 885 2263 aptissimum
913 2163 960 2239 ad
989 2162 1273 2238 describendas
1294 2190 1377 2257 res,
1405 2176 1480 2237 tam
1511 2165 1680 2262 privatas
1701 2188 1810 2261 quom
1829 2165 1954 2262 publi·

214 2289 300 2358 cas,
334 2263 491 2363 aperire
528 2264 669 2366 potuit.
729 2266 907 2359 Deinde,
951 2291 1065 2365 quum
1105 2266 1304 2341 Historias
1341 2267 1518 2364 scripsit,
1562 2291 1637 2339 una
1673 2291 1758 2341 curn
1795 2267 1952 2364 ingenio

216 2368 373 2442 excelso
401 2370 585 2442 summam
603 2370 783 2468 probavit
809 2370 1064 2471 diligentiam
1091 2368 1131 2442 in
1155 2369 1455 2469 perlustrandis
1472 2368 1723 2460 auctoribus,
1750 2394 1846 2466 quos
1863 2381 1952 2444 ante

215 2496 257 2544 se
287 2470 442 2545 easdem
471 2497 535 2546 res
562 2471 821 2570 descripsisse
850 2484 981 2547 notum
1009 2471 1157 2545 babuit.
1211 2471 1392 2570 Denique
1421 2498 1526 2564 vero,
1554 2472 1593 2545 in
1617 2472 1834 2546 Annalibus
1854 2497 1954 2546 com·

216 2573 429 2672 ponendis,
461 2599 547 2648 cum
583 2599 732 2649 summo
769 2576 926 2674 ingenio
963 2600 1186 2673 summaque
1224 2575 1427 2674 diligentia
1462 2601 1644 2648 summum
1681 2600 1831 2673 quoque
1866 2600 1955 2648 con·

214 2674 348 2777 junxit
375 2685 505 2750 artem
532 2679 735 2770 criticam,
772 2703 847 2753 non
874 2689 1022 2752 tantum
1050 2680 1169 2752 rebus
1195 2678 1317 2776 gestis
1345 2675 1640 2777 investigandis
1666 2691 1706 2750 et
1731 2679 1956 2752 auctoribus

216 2780 296 2854 alio
323 2804 408 2854 cum
434 2780 514 2855 clio
548 2781 855 2879 comparandis,
891 2780 960 2854 sed
991 2781 1220 2879 praesertim
1250 2781 1365 2854 etiam
1400 2779 1666 2854 relationibus
1700 2805 1794 2878 quas
1823 2780 1958 2855 dicunt

219 2882 478 2957 authenticas
510 2881 762 2981 requirendis
795 2892 834 2957 et
859 2883 1058 2958 uberrime
1085 2881 1337 2957 adhibendis.
1389 2881 1548 2957 Etenim
1578 2883 1771 2957 diversum
1802 2883 1958 2958 omnino

216 2985 344 3061 luisse
374 3009 500 3083 genus
529 2985 714 3077 sontium,
750 2987 851 3084 quod
882 2986 921 3060 in
949 2987 1022 3060 hoc
1051 3010 1170 3086 opere
1200 2985 1404 3062 condendo
1432 2986 1556 3085 primo
1587 2988 1671 3061 loco
1699 2987 1876 3079 admisit,
1911 2989 1957 3061 ab

215 3088 271 3164 iis
298 3112 396 3187 quac
431 3099 545 3162 antea
573 3089 804 3182 odiniserat,
840 3114 908 3190 pro
936 3100 1043 3164 certo
1074 3087 1208 3163 haberi
1234 3101 1376 3189 potest.
1428 3089 1621 3183 Annales,
1659 3101 1701 3162 ut
1729 3114 1804 3165 uno
1832 3089 1958 3164 dicam

218 3194 361 3280 serbo,
395 3216 466 3289 pro
496 3191 658 3266 maxima
685 3204 796 3292 parte
826 3191 980 3266 nonnisi
1009 3205 1194 3290 excerpta
1222 3203 1329 3283 sunt,
1367 3202 1406 3266 et
1433 3191 1596 3265 mirifice
1624 3192 1778 3289 quidem
1808 3216 1961 3293 compo·

220 3294 316 3386 sita,
345 3319 366 3368 e
393 3293 567 3368 fontibus
594 3320 690 3393 quos
719 3295 834 3369 hodie
864 3296 1030 3370 dicimus
1056 3296 1259 3369 tabellaria
1288 3293 1605 3387 (archiantiscbe
1637 3294 1840 3392 Quellen),
1867 3295 1893 3368 i.
1924 3320 1959 3369 e.

221 3422 272 3472 ex
300 3396 398 3471 actis
424 3397 620 3496 politicis,
647 3399 859 3497 praecipue
888 3423 936 3472 ex
964 3397 1062 3472 actis
1089 3411 1248 3471 senatus
1276 3396 1690 3497 (Senatsprotolrolle)
1718 3396 1959 3497 deprompta.

221 3500 427 3575 Historiae
446 3513 593 3594 contra,
621 3500 829 3599 dequibus
849 3500 1091 3599 potissimum
1113 3501 1154 3574 in
1174 3500 1438 3598 disputatione
1462 3512 1591 3574 nostra
1610 3523 1736 3574 sermo
1758 3500 1846 3591 erit,
1875 3504 1959 3575 lere

220 3605 399 3702 integrae
428 3628 476 3677 ex
506 3630 640 3678 rorum
667 3602 898 3678 astatoribus
924 3601 1092 3678 diuersis
1118 3603 1278 3676 haustae
1306 3616 1408 3676 sunt.
1461 3602 1595 3700 Neque
1624 3603 1726 3677 enim
1756 3629 1840 3677 cum
1860 3603 1961 3677 Hin-

224 3731 334 3781 zsuro
372 3706 638 3805 (Comparatio
675 3732 828 3798 eorum,
864 3731 961 3805 quae
998 3707 1046 3780 de
1083 3705 1389 3804 lmperatoribus
1420 3700 1545 3779 Galba
1582 3718 1621 3778 et
1648 3705 1804 3781 Othone
1840 3708 1962 3780 relata

223 3810 389 3909 legimus
415 3809 516 3909 apud
548 3808 748 3902 Tacitum,
777 3810 1052 3899 Plutarchum,
1078 3807 1332 3900 Suetonium,
1360 3805 1527 3881 Dionem
1557 3807 1753 3900 Cassium,
1782 3808 1963 3883 institute

224 3939 310 3987 cum
347 3914 393 3986 ad
423 3913 578 3987 illorum
607 3912 840 4011 scriptorum
869 3910 1060 3998 indolem,
1097 3923 1174 3984 tum
1203 3911 1253 3986 ad
1280 3911 1467 4002 fontium,
1503 3935 1550 3984 ex
1577 3913 1718 4009 quibus
1745 3910 1961 4002 hauserint,

221 4015 413 4090 rationem
450 4016 770 4116 pernoscendam.
823 4013 1080 4113 Stuttgartiae
1112 4012 1221 4087 1851.
1258 4039 1295 4114 p.
1322 4013 1389 4110 42)
1426 4015 1650 4089 consentire
1685 4040 1862 4117 possum,
1896 4012 1963 4110 qui

224 4128 321 4192 ricta
353 4119 496 4217 populi
528 4116 698 4212 diurna,
735 4119 784 4193 de
813 4119 952 4212 quibus
988 4115 1072 4214 ipse
1100 4115 1139 4188 in
1167 4114 1500 4214 Ephemeridibus
1528 4117 1623 4191 meis
1650 4117 1790 4218 scripsi
1827 4115 1966 4213 (,‚Das

220 4221 681 4320 Sinatszeitungsroesen
703 4223 775 4295 der
791 4219 970 4296 Rbmer“
993 4219 1032 4291 in
1051 4216 1321 4319 „Zeitsebrisl
1330 4217 1414 4317 su'r
1434 4215 1964 4319 Geschicblssoissenscbast.

229 4323 280 4399 T.
298 4323 335 4398 Ι.
364 4323 520 4420 ww),
549 4323 814 4398 Historiarum
844 4320 973 4397 'l'aciti
1002 4320 1147 4394 iontem
1176 4320 1299 4396 fuisse
1328 4321 1369 4395 in
1393 4320 1579 4418 plurimis
1603 4321 1721 4396 rebus
1747 4323 1965 4410 existimat3

225 4452 351 4524 neque
387 4451 473 4500 cum
509 4425 790 4500 Wrsnsusuno
822 4423 905 4519 (De
943 4423 1104 4512 Tacito,
1138 4422 1352 4515 Suetonio,
1388 4423 1621 4518 Plutarcho,
1658 4425 1793 4501 Cassio
1821 4425 1966 4516 Dione,

222 4530 482 4627 scriptoribus
510 4528 786 4627 imperatorum
816 4523 966 4602 Galbae
996 4539 1035 4600 et
1062 4525 1243 4600 Othonis.
1277 4526 1458 4602 Berolini
1487 4525 1594 4601 1857.
1622 4552 1659 4626 p.
1677 4528 1728 4600 50
1753 4526 1871 4628 sqq),
1899 4528 1966 4626 qui

227 4658 313 4708 eum
344 4658 364 4705 e
392 4630 518 4705 tribus
544 4629 818 4706 tantummodo
844 4627 1123 4729 scriptoribus,
1149 4628 1307 4721 Plinio,
1336 4629 1474 4705 Cluvio
1501 4629 1628 4721 lluio,
1654 4630 1843 4730 Vipstano
1864 4632 1968 4707 Mes·

225 4737 328 4825 sala,
365 4734 614 4809 historiarum
649 4759 842 4808 summam
879 4731 1214 4831 transscripsisse,
1248 4726 1460 4832 quinimmo
1497 4758 1574 4808 uno
1602 4732 1735 4808 Plinio
1770 4734 1855 4809 fere
1883 4736 1967 4811 solo

225 4864 337 4914 usum
368 4863 455 4913 esse
483 4836 699 4911 contendit.

326 4941 562 5033 Suetonius,
600 4937 748 5038 ingenii
784 4939 897 5036 longe
932 4933 1115 5028 minoris,
1152 4933 1190 5008 in
1217 4935 1310 5010 vitis
1339 4937 1547 5012 Caesarum
1582 4935 1717 5010 eadem
1746 4948 1854 5012 certe
1883 4936 1971 5012 dili·

227 5044 378 5143 gentia,
406 5068 479 5142 qua
507 5042 695 5131 Tacitus,
722 5065 797 5116 non
827 5063 919 5112 vero
948 5039 1083 5113 eadem
1113 5037 1249 5112 critica
1279 5039 1429 5114 ratione
1449 5050 1610 5136 arteque
1631 5063 1723 5113 usus
1742 5051 1815 5114 est.
1868 5039 1970 5115 Pon·

227 5161 288 5220 tes
317 5172 403 5221 eum
433 5144 687 5220 nihilominus
714 5141 940 5218 adhibuisse
967 5140 1216 5240 gravissimos
1244 5155 1408 5233 constat,
1433 5167 1532 5231 cum,
1559 5153 1719 5241 praeter
1738 5142 1971 5218 traditiones
2058 5191 2063 5200 ·

230 5263 271 5323 et
297 5264 497 5342 auctores,
532 5249 687 5324 diversa
719 5270 873 5346 quoque
909 5242 1101 5318 unctoria
1133 5243 1346 5343 diligenter
1381 5245 1702 5344 perlustraverit,
1739 5248 1971 5346 praesertim

229 5365 314 5428 acta
339 5351 561 5452 principum
590 5363 766 5445 secreta,
793 5372 891 5449 quac
919 5345 1209 5592 diutissima
1236 5345 1366 5423 oificio
1394 5373 1465 5422 suo
1493 5348 1542 5424 ad
1569 5372 1722 5423 manum
1749 5349 1896 5426 habuit.
