<?xml version="1.0" encoding="UTF-8"?>
<!DOCTYPE html PUBLIC "-//W3C//DTD XHTML 1.0 Transitional//EN"
    "http://www.w3.org/TR/xhtml1/DTD/xhtml1-transitional.dtd">
<html xmlns="http://www.w3.org/1999/xhtml" xml:lang="en" lang="en">
 <head>
  <title>
</title>
<meta http-equiv="Content-Type" content="text/html;charset=utf-8" />
  <meta name='ocr-system' content='tesseract 3.04.00' />
  <meta name='ocr-capabilities' content='ocr_page ocr_carea ocr_par ocr_line ocrx_word'/>
</head>
<body>
  <div class='ocr_page' id='page_1' title='image "./dequibusdamauct00schmgoog_0010.png"; bbox 0 0 4596 6000; ppageno 0'>
   <div class='ocr_carea' id='block_1_1' title="bbox 982 277 1373 395">
    <p class='ocr_par' dir='ltr' id='par_1_1' title="bbox 982 277 1373 395">
     <span class='ocr_line' id='line_1_1' title="bbox 982 277 1373 395; baseline 0 -22"><span class='ocrx_word' id='word_1_1' title='bbox 982 277 1373 395; x_wconf 74' lang='lat'><em>..5-&#39;</em></span> 
     </span>
    </p>
   </div>
   <div class='ocr_carea' id='block_1_2' title="bbox 265 502 2014 1144">
    <p class='ocr_par' dir='ltr' id='par_1_2' title="bbox 265 502 2011 708">
     <span class='ocr_line' id='line_1_2' title="bbox 265 502 2011 608; baseline 0.003 -25"><span class='ocrx_word' id='word_1_2' title='bbox 265 530 363 608; x_wconf 84' lang='lat' dir='ltr'>quoa</span> <span class='ocrx_word' id='word_1_3' title='bbox 397 505 507 583; x_wconf 86' lang='lat' dir='ltr'>iuter</span> <span class='ocrx_word' id='word_1_4' title='bbox 539 529 672 582; x_wconf 88' lang='lat' dir='ltr'>rernm</span> <span class='ocrx_word' id='word_1_5' title='bbox 706 502 817 583; x_wconf 90' lang='lat' dir='ltr'>illius</span> <span class='ocrx_word' id='word_1_6' title='bbox 850 504 937 582; x_wconf 84' lang='lat' dir='ltr'>aevi</span> <span class='ocrx_word' id='word_1_7' title='bbox 975 514 1172 607; x_wconf 88' lang='lat' dir='ltr'>gestarum</span> <span class='ocrx_word' id='word_1_8' title='bbox 1207 515 1390 584; x_wconf 89' lang='lat' dir='ltr'>auctores</span> <span class='ocrx_word' id='word_1_9' title='bbox 1424 505 1543 584; x_wconf 91' lang='lat' dir='ltr'>bodie</span> <span class='ocrx_word' id='word_1_10' title='bbox 1575 508 1767 585; x_wconf 75' lang='lat' dir='ltr'>referunt.</span> <span class='ocrx_word' id='word_1_11' title='bbox 1826 509 2011 588; x_wconf 75' lang='lat' dir='ltr'><strong>Attamen</strong></span> 
     </span>
     <span class='ocr_line' id='line_1_3' title="bbox 271 608 964 708; baseline -0.007 -21"><span class='ocrx_word' id='word_1_12' title='bbox 271 620 406 687; x_wconf 87' lang='lat' dir='ltr'>nostra</span> <span class='ocrx_word' id='word_1_13' title='bbox 433 609 494 684; x_wconf 87' lang='lat' dir='ltr'>via</span> <span class='ocrx_word' id='word_1_14' title='bbox 522 633 601 685; x_wconf 92' lang='lat' dir='ltr'>nou</span> <span class='ocrx_word' id='word_1_15' title='bbox 626 620 703 683; x_wconf 92' lang='lat' dir='ltr'>tam</span> <span class='ocrx_word' id='word_1_16' title='bbox 732 608 847 708; x_wconf 90' lang='lat' dir='ltr'>longa</span> <span class='ocrx_word' id='word_1_17' title='bbox 874 609 964 685; x_wconf 87' lang='lat' dir='ltr'>erit.</span> 
     </span>
    </p>

    <p class='ocr_par' dir='ltr' id='par_1_3' title="bbox 268 707 2014 1144">
     <span class='ocr_line' id='line_1_4' title="bbox 372 707 2013 814; baseline 0.004 -26"><span class='ocrx_word' id='word_1_18' title='bbox 372 711 554 788; x_wconf 83' lang='lat' dir='ltr'>Primum</span> <span class='ocrx_word' id='word_1_19' title='bbox 577 707 656 811; x_wconf 90' lang='lat' dir='ltr'>jam</span> <span class='ocrx_word' id='word_1_20' title='bbox 685 711 735 786; x_wconf 92' lang='lat' dir='ltr'>de</span> <span class='ocrx_word' id='word_1_21' title='bbox 763 711 1025 812; x_wconf 78' lang='lat' dir='ltr'>scriptoribus</span> <span class='ocrx_word' id='word_1_22' title='bbox 1052 711 1278 789; x_wconf 89' lang='lat' dir='ltr'>nominatim</span> <span class='ocrx_word' id='word_1_23' title='bbox 1306 712 1408 813; x_wconf 92' lang='lat' dir='ltr'>apud</span> <span class='ocrx_word' id='word_1_24' title='bbox 1436 712 1602 791; x_wconf 88' lang='lat' dir='ltr'>Nostros</span> <span class='ocrx_word' id='word_1_25' title='bbox 1629 712 1799 790; x_wconf 87' lang='lat' dir='ltr'>laudatis</span> <span class='ocrx_word' id='word_1_26' title='bbox 1824 715 2013 814; x_wconf 87' lang='lat' dir='ltr'>quaedam</span> 
     </span>
     <span class='ocr_line' id='line_1_5' title="bbox 269 811 2012 918; baseline 0.002 -25"><span class='ocrx_word' id='word_1_27' title='bbox 269 828 534 917; x_wconf 75' lang='lat' dir='ltr'><strong>exponemus,</strong></span> <span class='ocrx_word' id='word_1_28' title='bbox 573 813 753 914; x_wconf 83' lang='lat' dir='ltr'>exceptis</span> <span class='ocrx_word' id='word_1_29' title='bbox 778 814 913 892; x_wconf 86' lang='lat' dir='ltr'>Plinio</span> <span class='ocrx_word' id='word_1_30' title='bbox 941 811 1076 915; x_wconf 90' lang='lat' dir='ltr'>majori</span> <span class='ocrx_word' id='word_1_31' title='bbox 1106 826 1146 890; x_wconf 91' lang='lat' dir='ltr'>et</span> <span class='ocrx_word' id='word_1_32' title='bbox 1171 814 1371 916; x_wconf 88' lang='lat' dir='ltr'>Vipstano</span> <span class='ocrx_word' id='word_1_33' title='bbox 1389 816 1583 910; x_wconf 77' lang='lat' dir='ltr'><strong>Messala,</strong></span> <span class='ocrx_word' id='word_1_34' title='bbox 1618 816 1762 918; x_wconf 91' lang='lat' dir='ltr'>qnippe</span> <span class='ocrx_word' id='word_1_35' title='bbox 1790 818 1854 916; x_wconf 94' lang='lat' dir='ltr'>qui</span> <span class='ocrx_word' id='word_1_36' title='bbox 1882 822 2012 896; x_wconf 87' lang='lat' dir='ltr'>tantae</span> 
     </span>
     <span class='ocr_line' id='line_1_6' title="bbox 268 916 2012 1020; baseline 0.001 -23"><span class='ocrx_word' id='word_1_37' title='bbox 268 916 518 997; x_wconf 75' lang='lat' dir='ltr'>auctoritatis</span> <span class='ocrx_word' id='word_1_38' title='bbox 543 916 641 1010; x_wconf 91' lang='lat' dir='ltr'>sint,</span> <span class='ocrx_word' id='word_1_39' title='bbox 676 928 720 993; x_wconf 94' lang='lat' dir='ltr'>ut</span> <span class='ocrx_word' id='word_1_40' title='bbox 746 917 795 993; x_wconf 94' lang='lat' dir='ltr'>ad</span> <span class='ocrx_word' id='word_1_41' title='bbox 822 943 891 995; x_wconf 89' lang='lat' dir='ltr'>eoa</span> <span class='ocrx_word' id='word_1_42' title='bbox 918 919 1024 994; x_wconf 89' lang='lat' dir='ltr'>solos</span> <span class='ocrx_word' id='word_1_43' title='bbox 1050 919 1168 1019; x_wconf 89' lang='lat' dir='ltr'>plene</span> <span class='ocrx_word' id='word_1_44' title='bbox 1195 920 1491 1020; x_wconf 88' lang='lat' dir='ltr'>pertractandos</span> <span class='ocrx_word' id='word_1_45' title='bbox 1518 920 1707 1020; x_wconf 77' lang='lat' dir='ltr'>singulari</span> <span class='ocrx_word' id='word_1_46' title='bbox 1736 919 2012 999; x_wconf 85' lang='lat' dir='ltr'>dissertatione</span> 
     </span>
     <span class='ocr_line' id='line_1_7' title="bbox 270 1017 2014 1144; baseline 0.001 -45"><span class='ocrx_word' id='word_1_47' title='bbox 270 1046 368 1144; x_wconf 89' lang='lat' dir='ltr'>opus</span> <span class='ocrx_word' id='word_1_48' title='bbox 395 1020 531 1098; x_wconf 79' lang='lat' dir='ltr'>fuerit.</span> <span class='ocrx_word' id='word_1_49' title='bbox 582 1017 745 1096; x_wconf 83' lang='lat' dir='ltr'>Deinde</span> <span class='ocrx_word' id='word_1_50' title='bbox 779 1045 872 1098; x_wconf 83' lang='lat' dir='ltr'>sero</span> <span class='ocrx_word' id='word_1_51' title='bbox 899 1020 1163 1122; x_wconf 86' lang='lat' dir='ltr'>inquiremus,</span> <span class='ocrx_word' id='word_1_52' title='bbox 1199 1033 1327 1096; x_wconf 89' lang='lat' dir='ltr'>utrum</span> <span class='ocrx_word' id='word_1_53' title='bbox 1353 1032 1513 1121; x_wconf 90' lang='lat' dir='ltr'>praeter</span> <span class='ocrx_word' id='word_1_54' title='bbox 1537 1023 1655 1116; x_wconf 89' lang='lat' dir='ltr'>istos,</span> <span class='ocrx_word' id='word_1_55' title='bbox 1691 1048 1739 1098; x_wconf 90' lang='lat' dir='ltr'>ne</span> <span class='ocrx_word' id='word_1_56' title='bbox 1769 1023 1927 1098; x_wconf 89' lang='lat' dir='ltr'>nimium</span> <span class='ocrx_word' id='word_1_57' title='bbox 1954 1051 2014 1100; x_wconf 91' lang='lat' dir='ltr'>se·</span> 
     </span>
    </p>
   </div>
   <div class='ocr_carea' id='block_1_3' title="bbox 268 1121 2185 1238">
    <p class='ocr_par' dir='ltr' id='par_1_4' title="bbox 268 1121 2185 1238">
     <span class='ocr_line' id='line_1_8' title="bbox 268 1121 2185 1238; baseline 0.002 -36"><span class='ocrx_word' id='word_1_58' title='bbox 268 1149 368 1202; x_wconf 80' lang='lat' dir='ltr'>rtem</span> <span class='ocrx_word' id='word_1_59' title='bbox 404 1121 635 1214; x_wconf 82' lang='lat' dir='ltr'>extendam,</span> <span class='ocrx_word' id='word_1_60' title='bbox 671 1123 887 1200; x_wconf 87' lang='lat' dir='ltr'>Suetonius</span> <span class='ocrx_word' id='word_1_61' title='bbox 921 1148 1075 1226; x_wconf 92' lang='lat' dir='ltr'>quoque</span> <span class='ocrx_word' id='word_1_62' title='bbox 1102 1123 1311 1200; x_wconf 90' lang='lat' dir='ltr'>Paullinus</span> <span class='ocrx_word' id='word_1_63' title='bbox 1345 1136 1386 1200; x_wconf 94' lang='lat' dir='ltr'>et</span> <span class='ocrx_word' id='word_1_64' title='bbox 1410 1124 1592 1203; x_wconf 87' lang='lat' dir='ltr'>Licinius</span> <span class='ocrx_word' id='word_1_65' title='bbox 1618 1127 1826 1238; x_wconf 83' lang='lat' dir='ltr'>Mucianus</span> <span class='ocrx_word' id='word_1_66' title='bbox 1852 1125 2013 1204; x_wconf 81' lang='lat' dir='ltr'>Nostro·</span> <span class='ocrx_word' id='word_1_67' title='bbox 2175 1189 2185 1206; x_wconf 79' lang='grc'>,</span> 
     </span>
    </p>
   </div>
   <div class='ocr_carea' id='block_1_4' title="bbox 189 1223 2025 5444">
    <p class='ocr_par' dir='ltr' id='par_1_5' title="bbox 268 1223 904 1316">
     <span class='ocr_line' id='line_1_9' title="bbox 268 1223 904 1316; baseline -0.003 -11"><span class='ocrx_word' id='word_1_68' title='bbox 268 1252 354 1305; x_wconf 87' lang='lat' dir='ltr'>rum</span> <span class='ocrx_word' id='word_1_69' title='bbox 382 1227 512 1304; x_wconf 82' lang='lat' dir='ltr'>tontes</span> <span class='ocrx_word' id='word_1_70' title='bbox 539 1223 711 1316; x_wconf 82' lang='lat' dir='ltr'>inerint,</span> <span class='ocrx_word' id='word_1_71' title='bbox 741 1250 812 1302; x_wconf 91' lang='lat' dir='ltr'>nec</span> <span class='ocrx_word' id='word_1_72' title='bbox 840 1252 904 1303; x_wconf 87' lang='lat' dir='ltr'>ne.</span> 
     </span>
    </p>

    <p class='ocr_par' dir='ltr' id='par_1_6' title="bbox 270 1326 2012 1716">
     <span class='ocr_line' id='line_1_10' title="bbox 370 1326 2012 1432; baseline 0.001 -26"><span class='ocrx_word' id='word_1_73' title='bbox 370 1328 432 1406; x_wconf 87' lang='lat' dir='ltr'>De</span> <span class='ocrx_word' id='word_1_74' title='bbox 459 1327 665 1432; x_wconf 80' lang='lat' dir='ltr'>Eulogio,</span> <span class='ocrx_word' id='word_1_75' title='bbox 693 1340 736 1404; x_wconf 90' lang='lat' dir='ltr'>ut</span> <span class='ocrx_word' id='word_1_76' title='bbox 761 1331 810 1405; x_wconf 93' lang='lat' dir='ltr'>ab</span> <span class='ocrx_word' id='word_1_77' title='bbox 839 1355 885 1407; x_wconf 91' lang='lat' dir='ltr'>eo</span> <span class='ocrx_word' id='word_1_78' title='bbox 912 1329 1168 1430; x_wconf 88' lang='lat' dir='ltr'>incipiamus,</span> <span class='ocrx_word' id='word_1_79' title='bbox 1197 1326 1293 1403; x_wconf 90' lang='lat' dir='ltr'>nilril</span> <span class='ocrx_word' id='word_1_80' title='bbox 1322 1353 1415 1406; x_wconf 88' lang='lat' dir='ltr'>sane</span> <span class='ocrx_word' id='word_1_81' title='bbox 1443 1339 1615 1423; x_wconf 90' lang='lat' dir='ltr'>constat,</span> <span class='ocrx_word' id='word_1_82' title='bbox 1643 1327 1718 1404; x_wconf 92' lang='lat' dir='ltr'>nisi</span> <span class='ocrx_word' id='word_1_83' title='bbox 1746 1330 1847 1427; x_wconf 93' lang='lat' dir='ltr'>quod</span> <span class='ocrx_word' id='word_1_84' title='bbox 1877 1354 1927 1406; x_wconf 82' lang='lat' dir='ltr'>ex</span> <span class='ocrx_word' id='word_1_85' title='bbox 1956 1331 2012 1432; x_wconf 91' lang='lat' dir='ltr'>ip·</span> 
     </span>
     <span class='ocr_line' id='line_1_11' title="bbox 270 1429 2008 1534; baseline 0.001 -26"><span class='ocrx_word' id='word_1_86' title='bbox 270 1431 355 1509; x_wconf 91' lang='lat' dir='ltr'>sius</span> <span class='ocrx_word' id='word_1_87' title='bbox 382 1429 566 1508; x_wconf 89' lang='lat' dir='ltr'>Suetonii</span> <span class='ocrx_word' id='word_1_88' title='bbox 595 1432 723 1509; x_wconf 85' lang='lat' dir='ltr'>verbis</span> <span class='ocrx_word' id='word_1_89' title='bbox 750 1445 889 1532; x_wconf 91' lang='lat' dir='ltr'>petere</span> <span class='ocrx_word' id='word_1_90' title='bbox 916 1433 1024 1510; x_wconf 84' lang='lat' dir='ltr'>licet.</span> <span class='ocrx_word' id='word_1_91' title='bbox 1076 1431 1239 1522; x_wconf 80' lang='lat' dir='ltr'>Exstat,</span> <span class='ocrx_word' id='word_1_92' title='bbox 1266 1429 1393 1529; x_wconf 86' lang='lat' dir='ltr'>inqui&#39;t</span> <span class='ocrx_word' id='word_1_93' title='bbox 1420 1431 1518 1533; x_wconf 89' lang='lat' dir='ltr'>(Vit.</span> <span class='ocrx_word' id='word_1_94' title='bbox 1546 1459 1580 1510; x_wconf 88' lang='lat' dir='ltr'>c.</span> <span class='ocrx_word' id='word_1_95' title='bbox 1611 1431 1670 1528; x_wconf 90' lang='lat' dir='ltr'>i),</span> <span class='ocrx_word' id='word_1_96' title='bbox 1697 1429 1747 1531; x_wconf 79' lang='lat' dir='ltr'>Q</span> <span class='ocrx_word' id='word_1_97' title='bbox 1771 1430 1933 1534; x_wconf 77' lang='lat' dir='ltr'>Eulogii</span> <span class='ocrx_word' id='word_1_98' title='bbox 1962 1435 2008 1510; x_wconf 87' lang='lat' dir='ltr'>ad</span> 
     </span>
     <span class='ocr_line' id='line_1_12' title="bbox 270 1533 2010 1716; baseline 0.003 -108"><span class='ocrx_word' id='word_1_99' title='bbox 270 1535 321 1716; x_wconf 55' lang='grc' dir='ltr'>ἓ.</span> <span class='ocrx_word' id='word_1_100' title='bbox 347 1533 572 1628; x_wconf 88' lang='lat' dir='ltr'>Vitellium,</span> <span class='ocrx_word' id='word_1_101' title='bbox 599 1533 693 1611; x_wconf 82' lang='lat' dir='ltr'>nivi</span> <span class='ocrx_word' id='word_1_102' title='bbox 719 1535 886 1634; x_wconf 75' lang='lat' dir='ltr'>Augusti</span> <span class='ocrx_word' id='word_1_103' title='bbox 914 1535 1193 1637; x_wconf 81' lang='lat' dir='ltr'>Quaesturam,</span> <span class='ocrx_word' id='word_1_104' title='bbox 1230 1533 1407 1628; x_wconf 87' lang='lat' dir='ltr'>libellus,</span> <span class='ocrx_word' id='word_1_105' title='bbox 1441 1561 1517 1636; x_wconf 93' lang='lat' dir='ltr'>quo</span> <span class='ocrx_word' id='word_1_106' title='bbox 1545 1537 1789 1627; x_wconf 87' lang='lat' dir='ltr'>continetur,</span> <span class='ocrx_word' id='word_1_107' title='bbox 1825 1534 2010 1613; x_wconf 85' lang='lat' dir='ltr'>Vitellios</span> 
     </span>
    </p>

    <p class='ocr_par' dir='ltr' id='par_1_7' title="bbox 189 1636 2012 2975">
     <span class='ocr_line' id='line_1_13' title="bbox 308 1636 2011 1740; baseline 0.001 -26"><span class='ocrx_word' id='word_1_108' title='bbox 308 1663 431 1733; x_wconf 93' lang='lat' dir='ltr'>auno,</span> <span class='ocrx_word' id='word_1_109' title='bbox 457 1636 714 1738; x_wconf 78' lang='lat' dir='ltr'>Aboriginum</span> <span class='ocrx_word' id='word_1_110' title='bbox 743 1664 856 1738; x_wconf 90' lang='lat' dir='ltr'>rege,</span> <span class='ocrx_word' id='word_1_111' title='bbox 883 1650 924 1715; x_wconf 88' lang='lat' dir='ltr'>et</span> <span class='ocrx_word' id='word_1_112' title='bbox 951 1637 1133 1733; x_wconf 89' lang='lat' dir='ltr'>Vitellia,</span> <span class='ocrx_word' id='word_1_113' title='bbox 1168 1661 1266 1738; x_wconf 91' lang='lat' dir='ltr'>quae</span> <span class='ocrx_word' id='word_1_114' title='bbox 1295 1638 1427 1713; x_wconf 89' lang='lat' dir='ltr'>multis</span> <span class='ocrx_word' id='word_1_115' title='bbox 1453 1639 1551 1715; x_wconf 91' lang='lat' dir='ltr'>locis</span> <span class='ocrx_word' id='word_1_116' title='bbox 1578 1664 1648 1740; x_wconf 93' lang='lat' dir='ltr'>pro</span> <span class='ocrx_word' id='word_1_117' title='bbox 1677 1637 1835 1728; x_wconf 88' lang='lat' dir='ltr'>numine</span> <span class='ocrx_word' id='word_1_118' title='bbox 1862 1642 2011 1716; x_wconf 90' lang='lat' dir='ltr'>colere·</span> 
     </span>
     <span class='ocr_line' id='line_1_14' title="bbox 271 1738 2010 1843; baseline 0.001 -26"><span class='ocrx_word' id='word_1_119' title='bbox 271 1753 357 1834; x_wconf 94' lang='lat' dir='ltr'>tur,</span> <span class='ocrx_word' id='word_1_120' title='bbox 384 1755 516 1834; x_wconf 89' lang='lat' dir='ltr'>ortos,</span> <span class='ocrx_word' id='word_1_121' title='bbox 548 1751 631 1817; x_wconf 89' lang='lat' dir='ltr'>toto</span> <span class='ocrx_word' id='word_1_122' title='bbox 658 1738 773 1817; x_wconf 79' lang='lat' dir='ltr'>Latio</span> <span class='ocrx_word' id='word_1_123' title='bbox 800 1742 1036 1843; x_wconf 78' lang='lat' dir='ltr'>imperasse:</span> <span class='ocrx_word' id='word_1_124' title='bbox 1070 1742 1206 1817; x_wconf 89' lang='lat' dir='ltr'>borum</span> <span class='ocrx_word' id='word_1_125' title='bbox 1234 1740 1430 1816; x_wconf 89' lang='lat' dir='ltr'>residuam</span> <span class='ocrx_word' id='word_1_126' title='bbox 1458 1742 1619 1841; x_wconf 82' lang='lat' dir='ltr'>stirpem</span> <span class='ocrx_word' id='word_1_127' title='bbox 1649 1764 1698 1815; x_wconf 84' lang='lat' dir='ltr'>ex</span> <span class='ocrx_word' id='word_1_128' title='bbox 1718 1740 1881 1817; x_wconf 76' lang='lat' dir='ltr'>Sabinis</span> <span class='ocrx_word' id='word_1_129' title='bbox 1907 1758 2010 1818; x_wconf 88' lang='lat' dir='ltr'>trao-</span> 
     </span>
     <span class='ocr_line' id='line_1_15' title="bbox 268 1842 2008 1945; baseline 0.001 -25"><span class='ocrx_word' id='word_1_130' title='bbox 268 1845 370 1921; x_wconf 89' lang='lat' dir='ltr'>sisse</span> <span class='ocrx_word' id='word_1_131' title='bbox 404 1844 586 1935; x_wconf 88' lang='lat' dir='ltr'>Romam,</span> <span class='ocrx_word' id='word_1_132' title='bbox 624 1856 738 1943; x_wconf 86' lang='lat' dir='ltr'>atque</span> <span class='ocrx_word' id='word_1_133' title='bbox 773 1842 879 1920; x_wconf 89' lang='lat' dir='ltr'>inter</span> <span class='ocrx_word' id='word_1_134' title='bbox 912 1843 1101 1945; x_wconf 88' lang='lat' dir='ltr'>patricios</span> <span class='ocrx_word' id='word_1_135' title='bbox 1138 1845 1337 1920; x_wconf 74' lang='lat' dir='ltr'>allectama</span> <span class='ocrx_word' id='word_1_136' title='bbox 1375 1844 1521 1920; x_wconf 92' lang='lat' dir='ltr'>indicia</span> <span class='ocrx_word' id='word_1_137' title='bbox 1548 1843 1684 1943; x_wconf 83' lang='lat' dir='ltr'>stirpis</span> <span class='ocrx_word' id='word_1_138' title='bbox 1712 1844 1899 1920; x_wconf 90' lang='lat' dir='ltr'>mansisse</span> <span class='ocrx_word' id='word_1_139' title='bbox 1927 1846 2008 1940; x_wconf 90' lang='lat' dir='ltr'>diu,</span> 
     </span>
     <span class='ocr_line' id='line_1_16' title="bbox 269 1942 2008 2046; baseline 0.001 -23"><span class='ocrx_word' id='word_1_140' title='bbox 269 1947 369 2024; x_wconf 82' lang='lat' dir='ltr'>viam</span> <span class='ocrx_word' id='word_1_141' title='bbox 397 1946 597 2023; x_wconf 92' lang='lat' dir='ltr'>Vitelliam</span> <span class='ocrx_word' id='word_1_142' title='bbox 625 1948 672 2020; x_wconf 90' lang='lat' dir='ltr'>ab</span> <span class='ocrx_word' id='word_1_143' title='bbox 697 1946 882 2023; x_wconf 78' lang='lat' dir='ltr'>laniculo</span> <span class='ocrx_word' id='word_1_144' title='bbox 911 1947 958 2024; x_wconf 89' lang='lat' dir='ltr'>ad</span> <span class='ocrx_word' id='word_1_145' title='bbox 989 1972 1092 2023; x_wconf 94' lang='lat' dir='ltr'>mare</span> <span class='ocrx_word' id='word_1_146' title='bbox 1121 1971 1264 2046; x_wconf 79' lang='lat' dir='ltr'>usque3</span> <span class='ocrx_word' id='word_1_147' title='bbox 1291 1946 1384 2022; x_wconf 91' lang='lat' dir='ltr'>item</span> <span class='ocrx_word' id='word_1_148' title='bbox 1411 1947 1601 2023; x_wconf 90' lang='lat' dir='ltr'>coloniam</span> <span class='ocrx_word' id='word_1_149' title='bbox 1634 1942 1808 2045; x_wconf 90' lang='lat' dir='ltr'>ejusdem</span> <span class='ocrx_word' id='word_1_150' title='bbox 1830 1948 2008 2042; x_wconf 91' lang='lat' dir='ltr'>nominis,</span> 
     </span>
     <span class='ocr_line' id='line_1_17' title="bbox 271 2047 2010 2151; baseline 0.001 -26"><span class='ocrx_word' id='word_1_151' title='bbox 271 2076 383 2151; x_wconf 90' lang='lat' dir='ltr'>quem</span> <span class='ocrx_word' id='word_1_152' title='bbox 408 2049 549 2149; x_wconf 89' lang='lat' dir='ltr'>gentili</span> <span class='ocrx_word' id='word_1_153' title='bbox 577 2048 690 2151; x_wconf 90' lang='lat' dir='ltr'>copia</span> <span class='ocrx_word' id='word_1_154' title='bbox 718 2049 906 2127; x_wconf 83' lang='lat' dir='ltr'>adversus</span> <span class='ocrx_word' id='word_1_155' title='bbox 928 2050 1169 2150; x_wconf 86' lang='lat' dir='ltr'>Aequiculos</span> <span class='ocrx_word' id='word_1_156' title='bbox 1196 2049 1396 2124; x_wconf 89' lang='lat' dir='ltr'>tutandam</span> <span class='ocrx_word' id='word_1_157' title='bbox 1424 2050 1516 2126; x_wconf 91' lang='lat' dir='ltr'>olim</span> <span class='ocrx_word' id='word_1_158' title='bbox 1544 2047 1889 2151; x_wconf 79' lang='lat' dir='ltr'>depoposcissenta</span> <span class='ocrx_word' id='word_1_159' title='bbox 1917 2063 2010 2127; x_wconf 92' lang='lat' dir='ltr'>tem·</span> 
     </span>
     <span class='ocr_line' id='line_1_18' title="bbox 271 2150 2010 2255; baseline 0.001 -26"><span class='ocrx_word' id='word_1_160' title='bbox 271 2179 368 2255; x_wconf 92' lang='lat' dir='ltr'>pore</span> <span class='ocrx_word' id='word_1_161' title='bbox 395 2152 540 2228; x_wconf 91' lang='lat' dir='ltr'>deinde</span> <span class='ocrx_word' id='word_1_162' title='bbox 568 2150 775 2228; x_wconf 87' lang='lat' dir='ltr'>Samnitici</span> <span class='ocrx_word' id='word_1_163' title='bbox 804 2153 918 2245; x_wconf 90' lang='lat' dir='ltr'>balli,</span> <span class='ocrx_word' id='word_1_164' title='bbox 945 2152 1143 2252; x_wconf 87' lang='lat' dir='ltr'>praesidio</span> <span class='ocrx_word' id='word_1_165' title='bbox 1171 2153 1209 2227; x_wconf 92' lang='lat' dir='ltr'>in</span> <span class='ocrx_word' id='word_1_166' title='bbox 1232 2152 1411 2250; x_wconf 84' lang='lat' dir='ltr'>Apuliam</span> <span class='ocrx_word' id='word_1_167' title='bbox 1440 2153 1579 2247; x_wconf 92' lang='lat' dir='ltr'>misso,</span> <span class='ocrx_word' id='word_1_168' title='bbox 1607 2152 1790 2250; x_wconf 89' lang='lat' dir='ltr'>quosdam</span> <span class='ocrx_word' id='word_1_169' title='bbox 1819 2178 1867 2228; x_wconf 87' lang='lat' dir='ltr'>ex</span> <span class='ocrx_word' id='word_1_170' title='bbox 1887 2153 2010 2230; x_wconf 88' lang='lat' dir='ltr'>Vitel-</span> 
     </span>
     <span class='ocr_line' id='line_1_19' title="bbox 189 2253 2008 2357; baseline 0 -25"><span class='ocrx_word' id='word_1_171' title='bbox 189 2348 191 2353; x_wconf 14' lang='lat'><em>7</em></span> <span class='ocrx_word' id='word_1_172' title='bbox 274 2254 341 2332; x_wconf 92' lang='lat' dir='ltr'>liis</span> <span class='ocrx_word' id='word_1_173' title='bbox 367 2255 593 2332; x_wconf 86' lang='lat' dir='ltr'>subsedisse</span> <span class='ocrx_word' id='word_1_174' title='bbox 610 2253 828 2348; x_wconf 53' lang='lat' dir='ltr'>Nuceriam</span> <span class='ocrx_word' id='word_1_175' title='bbox 855 2280 1066 2355; x_wconf 89' lang='lat' dir='ltr'>eorumque</span> <span class='ocrx_word' id='word_1_176' title='bbox 1092 2255 1318 2357; x_wconf 76' lang='lat' dir='ltr'>progenie·</span> <span class='ocrx_word' id='word_1_177' title='bbox 1345 2256 1457 2354; x_wconf 89' lang='lat' dir='ltr'>longo</span> <span class='ocrx_word' id='word_1_178' title='bbox 1485 2268 1573 2356; x_wconf 86' lang='lat' dir='ltr'>post</span> <span class='ocrx_word' id='word_1_179' title='bbox 1590 2255 1797 2330; x_wconf 89' lang='lat' dir='ltr'>intervallo</span> <span class='ocrx_word' id='word_1_180' title='bbox 1816 2257 2008 2355; x_wconf 88' lang='lat' dir='ltr'>repetisse</span> 
     </span>
     <span class='ocr_line' id='line_1_20' title="bbox 275 2356 2011 2460; baseline 0.001 -26"><span class='ocrx_word' id='word_1_181' title='bbox 275 2357 426 2434; x_wconf 89' lang='lat' dir='ltr'>Urbem</span> <span class='ocrx_word' id='word_1_182' title='bbox 461 2370 577 2458; x_wconf 91' lang='lat' dir='ltr'>atque</span> <span class='ocrx_word' id='word_1_183' title='bbox 611 2357 791 2434; x_wconf 85' lang='lat' dir='ltr'>ordinem</span> <span class='ocrx_word' id='word_1_184' title='bbox 824 2358 1078 2434; x_wconf 87' lang='lat' dir='ltr'>senatorium.</span> <span class='ocrx_word' id='word_1_185' title='bbox 1102 2399 1154 2414; x_wconf 91' lang='lat'>—</span> <span class='ocrx_word' id='word_1_186' title='bbox 1203 2356 1304 2434; x_wconf 89' lang='lat' dir='ltr'>Erat</span> <span class='ocrx_word' id='word_1_187' title='bbox 1340 2357 1459 2457; x_wconf 89' lang='lat' dir='ltr'>igitur</span> <span class='ocrx_word' id='word_1_188' title='bbox 1492 2360 1629 2460; x_wconf 90' lang='lat' dir='ltr'>procul</span> <span class='ocrx_word' id='word_1_189' title='bbox 1662 2358 1780 2434; x_wconf 93' lang='lat' dir='ltr'>dubio</span> <span class='ocrx_word' id='word_1_190' title='bbox 1816 2358 2011 2460; x_wconf 88' lang='lat' dir='ltr'>Eulogius</span> 
     </span>
     <span class='ocr_line' id='line_1_21' title="bbox 278 2458 2011 2563; baseline 0.001 -26"><span class='ocrx_word' id='word_1_191' title='bbox 278 2461 417 2563; x_wconf 80' lang='lat' dir='ltr'>Quinti</span> <span class='ocrx_word' id='word_1_192' title='bbox 444 2458 598 2537; x_wconf 90' lang='lat' dir='ltr'>Vitellii</span> <span class='ocrx_word' id='word_1_193' title='bbox 626 2460 815 2555; x_wconf 89' lang='lat' dir='ltr'>libertus,</span> <span class='ocrx_word' id='word_1_194' title='bbox 848 2458 1013 2561; x_wconf 89' lang='lat' dir='ltr'>ejusque</span> <span class='ocrx_word' id='word_1_195' title='bbox 1040 2462 1198 2537; x_wconf 90' lang='lat' dir='ltr'>libellus</span> <span class='ocrx_word' id='word_1_196' title='bbox 1224 2460 1322 2536; x_wconf 89' lang='lat' dir='ltr'>nibil</span> <span class='ocrx_word' id='word_1_197' title='bbox 1349 2459 1479 2553; x_wconf 90' lang='lat' dir='ltr'>aliud,</span> <span class='ocrx_word' id='word_1_198' title='bbox 1514 2461 1589 2535; x_wconf 91' lang='lat' dir='ltr'>nisi</span> <span class='ocrx_word' id='word_1_199' title='bbox 1617 2461 1804 2559; x_wconf 87' lang='lat' dir='ltr'>scriptum</span> <span class='ocrx_word' id='word_1_200' title='bbox 1830 2466 2011 2562; x_wconf 89' lang='lat' dir='ltr'>genealo-</span> 
     </span>
     <span class='ocr_line' id='line_1_22' title="bbox 273 2562 2009 2666; baseline 0.001 -27"><span class='ocrx_word' id='word_1_201' title='bbox 273 2565 403 2666; x_wconf 84' lang='lat' dir='ltr'>gicum</span> <span class='ocrx_word' id='word_1_202' title='bbox 430 2564 481 2640; x_wconf 90' lang='lat' dir='ltr'>de</span> <span class='ocrx_word' id='word_1_203' title='bbox 500 2563 751 2646; x_wconf 86' lang='lat' dir='ltr'>Vitelliorum</span> <span class='ocrx_word' id='word_1_204' title='bbox 775 2577 907 2664; x_wconf 88' lang='lat' dir='ltr'>gente.</span> <span class='ocrx_word' id='word_1_205' title='bbox 959 2562 1047 2641; x_wconf 90' lang='lat' dir='ltr'>Non</span> <span class='ocrx_word' id='word_1_206' title='bbox 1074 2589 1162 2640; x_wconf 89' lang='lat' dir='ltr'>raro</span> <span class='ocrx_word' id='word_1_207' title='bbox 1188 2574 1282 2639; x_wconf 89' lang='lat' dir='ltr'>tunc</span> <span class='ocrx_word' id='word_1_208' title='bbox 1307 2563 1496 2665; x_wconf 87' lang='lat' dir='ltr'>temporis</span> <span class='ocrx_word' id='word_1_209' title='bbox 1518 2565 1679 2640; x_wconf 88' lang='lat' dir='ltr'>libertos</span> <span class='ocrx_word' id='word_1_210' title='bbox 1698 2565 1735 2638; x_wconf 91' lang='lat' dir='ltr'>iu</span> <span class='ocrx_word' id='word_1_211' title='bbox 1761 2578 2009 2665; x_wconf 88' lang='lat' dir='ltr'>patronorum</span> 
     </span>
     <span class='ocr_line' id='line_1_23' title="bbox 276 2665 2010 2768; baseline 0.001 -25"><span class='ocrx_word' id='word_1_212' title='bbox 276 2668 440 2768; x_wconf 87' lang='lat' dir='ltr'>gratiam</span> <span class='ocrx_word' id='word_1_213' title='bbox 467 2667 562 2743; x_wconf 92' lang='lat' dir='ltr'>talia</span> <span class='ocrx_word' id='word_1_214' title='bbox 588 2666 827 2759; x_wconf 84' lang='lat' dir='ltr'>coniecisse,</span> <span class='ocrx_word' id='word_1_215' title='bbox 853 2667 949 2743; x_wconf 90' lang='lat' dir='ltr'>sotis</span> <span class='ocrx_word' id='word_1_216' title='bbox 975 2667 1116 2766; x_wconf 91' lang='lat' dir='ltr'>cuique</span> <span class='ocrx_word' id='word_1_217' title='bbox 1144 2679 1276 2743; x_wconf 88' lang='lat' dir='ltr'>notum</span> <span class='ocrx_word' id='word_1_218' title='bbox 1304 2681 1377 2741; x_wconf 89' lang='lat' dir='ltr'>est.</span> <span class='ocrx_word' id='word_1_219' title='bbox 1429 2667 1611 2742; x_wconf 82' lang='lat' dir='ltr'>ceterum</span> <span class='ocrx_word' id='word_1_220' title='bbox 1635 2692 1720 2742; x_wconf 91' lang='lat' dir='ltr'>cum</span> <span class='ocrx_word' id='word_1_221' title='bbox 1736 2665 1813 2766; x_wconf 89' lang='lat' dir='ltr'>jam</span> <span class='ocrx_word' id='word_1_222' title='bbox 1833 2670 2010 2768; x_wconf 87' lang='lat' dir='ltr'>Augusto</span> 
     </span>
     <span class='ocr_line' id='line_1_24' title="bbox 278 2766 2012 2975; baseline -0.001 -128"><span class='ocrx_word' id='word_1_223' title='bbox 278 2781 475 2950; x_wconf 54' lang='grc' dir='ltr'>Ξιοςιιὲιιιιιί</span> <span class='ocrx_word' id='word_1_224' title='bbox 494 2771 563 2891; x_wconf 80' lang='lat' dir='ltr'>ille</span> <span class='ocrx_word' id='word_1_225' title='bbox 590 2768 748 2949; x_wconf 62' lang='lat' dir='ltr'>vippr&#39;it,</span> <span class='ocrx_word' id='word_1_226' title='bbox 772 2770 931 2949; x_wconf 64' lang='lat' dir='ltr'>libellluts</span> <span class='ocrx_word' id='word_1_227' title='bbox 958 2766 1045 2871; x_wconf 89' lang='lat' dir='ltr'>ejus</span> <span class='ocrx_word' id='word_1_228' title='bbox 1069 2769 1383 2947; x_wconf 56' lang='lat' dir='ltr'>pdtresLVittellii</span> <span class='ocrx_word' id='word_1_229' title='bbox 1412 2769 2012 2975; x_wconf 53' lang='lat' dir='ltr'>lleVl‘ffill’Jg‘53¹¹¹¹⁰¹⁰l¹¹3</span> 
     </span>
    </p>

    <p class='ocr_par' dir='ltr' id='par_1_8' title="bbox 274 2896 2025 5444">
     <span class='ocr_line' id='line_1_25' title="bbox 308 2896 2011 2952; baseline 0.001 -3"><span class='ocrx_word' id='word_1_230' title='bbox 308 2899 350 2950; x_wconf 87' lang='lat' dir='ltr'>aa</span> <span class='ocrx_word' id='word_1_231' title='bbox 409 2896 569 2949; x_wconf 89' lang='lat' dir='ltr'>neonro</span> <span class='ocrx_word' id='word_1_232' title='bbox 604 2897 643 2946; x_wconf 92' lang='lat' dir='ltr'>nr</span> <span class='ocrx_word' id='word_1_233' title='bbox 675 2896 687 2948; x_wconf 90' lang='lat' dir='ltr'>r</span> <span class='ocrx_word' id='word_1_234' title='bbox 736 2898 781 2948; x_wconf 92' lang='lat' dir='ltr'>su</span> <span class='ocrx_word' id='word_1_235' title='bbox 840 2899 860 2949; x_wconf 92' lang='lat' dir='ltr'>e</span> <span class='ocrx_word' id='word_1_236' title='bbox 892 2898 991 2949; x_wconf 87' lang='lat' dir='ltr'>rare</span> <span class='ocrx_word' id='word_1_237' title='bbox 1045 2898 1158 2948; x_wconf 85' lang='lat' dir='ltr'>our.</span> <span class='ocrx_word' id='word_1_238' title='bbox 1247 2897 1349 2949; x_wconf 88' lang='lat' dir='ltr'>acro</span> <span class='ocrx_word' id='word_1_239' title='bbox 1411 2897 1449 2947; x_wconf 90' lang='lat' dir='ltr'>ur</span> <span class='ocrx_word' id='word_1_240' title='bbox 1481 2899 1539 2947; x_wconf 91' lang='lat' dir='ltr'>em</span> <span class='ocrx_word' id='word_1_241' title='bbox 1613 2927 1624 2948; x_wconf 90' lang='lat'><strong>.</strong></span> <span class='ocrx_word' id='word_1_242' title='bbox 1696 2900 1720 2947; x_wconf 88' lang='lat' dir='ltr'>u</span> <span class='ocrx_word' id='word_1_243' title='bbox 1793 2899 1822 2946; x_wconf 84' lang='grc' dir='ltr'>ιι</span> <span class='ocrx_word' id='word_1_244' title='bbox 1855 2899 2011 2952; x_wconf 79' lang='lat' dir='ltr'>nonnisi</span> 
     </span>
     <span class='ocr_line' id='line_1_26' title="bbox 278 2897 2013 3079; baseline -0.001 -25"><span class='ocrx_word' id='word_1_245' title='bbox 278 2987 342 3055; x_wconf 89' lang='lat' dir='ltr'>eat</span> <span class='ocrx_word' id='word_1_246' title='bbox 367 2973 592 3076; x_wconf 87' lang='lat' dir='ltr'>conjectura</span> <span class='ocrx_word' id='word_1_247' title='bbox 619 2898 862 3066; x_wconf 75' lang='lat' dir='ltr'>Gasaubalrli,</span> <span class='ocrx_word' id='word_1_248' title='bbox 896 2973 965 3052; x_wconf 89' lang='lat' dir='ltr'>scd</span> <span class='ocrx_word' id='word_1_249' title='bbox 995 2898 1192 3079; x_wconf 82' lang='lat' dir='ltr'>plerisque</span> <span class='ocrx_word' id='word_1_250' title='bbox 1214 2973 1306 3077; x_wconf 88' lang='lat' dir='ltr'>jure</span> <span class='ocrx_word' id='word_1_251' title='bbox 1334 2897 1603 3074; x_wconf 77' lang='lat' dir='ltr'>ooslaprobata,</span> <span class='ocrx_word' id='word_1_252' title='bbox 1639 3002 1710 3077; x_wconf 92' lang='lat' dir='ltr'>pro</span> <span class='ocrx_word' id='word_1_253' title='bbox 1737 2898 1911 3076; x_wconf 56' lang='lat' dir='ltr'>affigam:</span> <span class='ocrx_word' id='word_1_254' title='bbox 1945 3004 2013 3053; x_wconf 76' lang='lat' dir='ltr'>eor·</span> 
     </span>
     <span class='ocr_line' id='line_1_27' title="bbox 276 3077 2012 3180; baseline -0.001 -23"><span class='ocrx_word' id='word_1_255' title='bbox 276 3087 436 3180; x_wconf 79' lang='lat' dir='ltr'>statque</span> <span class='ocrx_word' id='word_1_256' title='bbox 462 3079 593 3179; x_wconf 77' lang='lat' dir='ltr'>elogii</span> <span class='ocrx_word' id='word_1_257' title='bbox 610 3079 673 3154; x_wconf 86' lang='lat' dir='ltr'>vel</span> <span class='ocrx_word' id='word_1_258' title='bbox 700 3078 821 3178; x_wconf 80' lang='lat' dir='ltr'>alogi.</span> <span class='ocrx_word' id='word_1_259' title='bbox 871 3077 1002 3155; x_wconf 87' lang='lat' dir='ltr'>Etiam</span> <span class='ocrx_word' id='word_1_260' title='bbox 1033 3104 1107 3154; x_wconf 90' lang='lat' dir='ltr'>non</span> <span class='ocrx_word' id='word_1_261' title='bbox 1135 3079 1353 3155; x_wconf 90' lang='lat' dir='ltr'>inauditnm</span> <span class='ocrx_word' id='word_1_262' title='bbox 1382 3090 1442 3153; x_wconf 89' lang='lat' dir='ltr'>eat</span> <span class='ocrx_word' id='word_1_263' title='bbox 1468 3103 1628 3172; x_wconf 79' lang='lat' dir='ltr'>nomen3</span> <span class='ocrx_word' id='word_1_264' title='bbox 1666 3078 1819 3154; x_wconf 85' lang='lat' dir='ltr'>exstitit</span> <span class='ocrx_word' id='word_1_265' title='bbox 1842 3080 2012 3180; x_wconf 84' lang='lat' dir='ltr'>exempli</span> 
     </span>
     <span class='ocr_line' id='line_1_28' title="bbox 278 3179 2013 3302; baseline 0.001 -44"><span class='ocrx_word' id='word_1_266' title='bbox 278 3183 406 3284; x_wconf 90' lang='lat' dir='ltr'>gratia</span> <span class='ocrx_word' id='word_1_267' title='bbox 429 3180 566 3302; x_wconf 82' lang='lat' dir='ltr'>Leone</span> <span class='ocrx_word' id='word_1_268' title='bbox 589 3179 731 3300; x_wconf 75' lang='lat' dir='ltr'>lsauro</span> <span class='ocrx_word' id='word_1_269' title='bbox 765 3184 983 3282; x_wconf 90' lang='lat' dir='ltr'>imperante</span> <span class='ocrx_word' id='word_1_270' title='bbox 1008 3180 1203 3282; x_wconf 84' lang='lat' dir='ltr'>Eulogius</span> <span class='ocrx_word' id='word_1_271' title='bbox 1236 3180 1411 3282; x_wconf 92' lang='lat' dir='ltr'>quidam,</span> <span class='ocrx_word' id='word_1_272' title='bbox 1446 3182 1510 3281; x_wconf 93' lang='lat' dir='ltr'>qui</span> <span class='ocrx_word' id='word_1_273' title='bbox 1540 3183 1766 3282; x_wconf 87' lang='lat' dir='ltr'>martyrium</span> <span class='ocrx_word' id='word_1_274' title='bbox 1793 3183 2013 3282; x_wconf 88' lang='lat' dir='ltr'>aequalium</span> 
     </span>
     <span class='ocr_line' id='line_1_29' title="bbox 274 3294 2012 3486; baseline 0.001 -22"><span class='ocrx_word' id='word_1_275' title='bbox 274 3294 769 3476; x_wconf 46' lang='lat' dir='ltr'>suoruapsoippspstpm&#39;</span> <span class='ocrx_word' id='word_1_276' title='bbox 795 3334 918 3486; x_wconf 45' lang='lat' dir='ltr'>&#39;cujus</span> <span class='ocrx_word' id='word_1_277' title='bbox 943 3385 1023 3462; x_wconf 88' lang='lat' dir='ltr'>fata</span> <span class='ocrx_word' id='word_1_278' title='bbox 1050 3381 1214 3486; x_wconf 82' lang='lat' dir='ltr'>exposui</span> <span class='ocrx_word' id='word_1_279' title='bbox 1249 3382 1290 3459; x_wconf 93' lang='lat' dir='ltr'>iu</span> <span class='ocrx_word' id='word_1_280' title='bbox 1317 3383 1416 3459; x_wconf 91' lang='lat' dir='ltr'>libro</span> <span class='ocrx_word' id='word_1_281' title='bbox 1443 3384 1740 3484; x_wconf 90' lang='lat' dir='ltr'>supralaudato</span> <span class='ocrx_word' id='word_1_282' title='bbox 1775 3383 1946 3480; x_wconf 79' lang='lat' dir='ltr'>(Geaoh.</span> <span class='ocrx_word' id='word_1_283' title='bbox 1973 3387 2012 3465; x_wconf 82' lang='lat' dir='ltr'>d.</span> 
     </span>
     <span class='ocr_line' id='line_1_30' title="bbox 278 3485 2013 3591; baseline -0.001 -23"><span class='ocrx_word' id='word_1_284' title='bbox 278 3489 422 3569; x_wconf 82' lang='lat' dir='ltr'>Denk·</span> <span class='ocrx_word' id='word_1_285' title='bbox 455 3517 495 3564; x_wconf 87' lang='grc' dir='ltr'>ιι.</span> <span class='ocrx_word' id='word_1_286' title='bbox 524 3486 905 3587; x_wconf 75' lang='lat' dir='ltr'>Gluubenasaeiheit</span> <span class='ocrx_word' id='word_1_287' title='bbox 930 3502 1006 3564; x_wconf 85' lang='lat' dir='ltr'>eto.</span> <span class='ocrx_word' id='word_1_288' title='bbox 1045 3514 1083 3590; x_wconf 88' lang='lat' dir='ltr'>p.</span> <span class='ocrx_word' id='word_1_289' title='bbox 1108 3485 1160 3561; x_wconf 77' lang='lat'>46</span> <span class='ocrx_word' id='word_1_290' title='bbox 1185 3510 1263 3585; x_wconf 90' lang='lat' dir='ltr'>sq.,</span> <span class='ocrx_word' id='word_1_291' title='bbox 1299 3512 1337 3588; x_wconf 87' lang='lat' dir='ltr'>p.</span> <span class='ocrx_word' id='word_1_292' title='bbox 1362 3486 1413 3560; x_wconf 79' lang='grc'>59</span> <span class='ocrx_word' id='word_1_293' title='bbox 1437 3488 1532 3585; x_wconf 86' lang='lat' dir='ltr'>sq),</span> <span class='ocrx_word' id='word_1_294' title='bbox 1569 3487 1809 3587; x_wconf 86' lang='lat' dir='ltr'>temporibus</span> <span class='ocrx_word' id='word_1_295' title='bbox 1844 3490 2013 3591; x_wconf 86' lang='lat' dir='ltr'>Augusti</span> 
     </span>
     <span class='ocr_line' id='line_1_31' title="bbox 277 3589 2014 3691; baseline 0 -21"><span class='ocrx_word' id='word_1_296' title='bbox 277 3592 513 3690; x_wconf 84' lang='lat' dir='ltr'>Tiberiique</span> <span class='ocrx_word' id='word_1_297' title='bbox 541 3590 766 3667; x_wconf 89' lang='lat' dir='ltr'>notissimus</span> <span class='ocrx_word' id='word_1_298' title='bbox 800 3590 877 3665; x_wconf 85' lang='lat' dir='ltr'>luit</span> <span class='ocrx_word' id='word_1_299' title='bbox 902 3603 1054 3683; x_wconf 90' lang='lat' dir='ltr'>orator,</span> <span class='ocrx_word' id='word_1_300' title='bbox 1089 3612 1202 3690; x_wconf 91' lang='lat' dir='ltr'>quem</span> <span class='ocrx_word' id='word_1_301' title='bbox 1229 3589 1394 3691; x_wconf 90' lang='lat' dir='ltr'>primum</span> <span class='ocrx_word' id='word_1_302' title='bbox 1419 3590 1577 3664; x_wconf 86' lang='lat' dir='ltr'>flexisse</span> <span class='ocrx_word' id='word_1_303' title='bbox 1605 3615 1627 3664; x_wconf 93' lang='lat' dir='ltr'>e</span> <span class='ocrx_word' id='word_1_304' title='bbox 1654 3604 1787 3666; x_wconf 87' lang='lat' dir='ltr'>vetere</span> <span class='ocrx_word' id='word_1_305' title='bbox 1815 3604 1928 3691; x_wconf 90' lang='lat' dir='ltr'>atque</span> <span class='ocrx_word' id='word_1_306' title='bbox 1956 3594 2014 3670; x_wconf 93' lang='lat' dir='ltr'>di·</span> 
     </span>
     <span class='ocr_line' id='line_1_32' title="bbox 278 3691 2014 3795; baseline -0.002 -20"><span class='ocrx_word' id='word_1_307' title='bbox 278 3709 387 3776; x_wconf 87' lang='lat' dir='ltr'>reeta</span> <span class='ocrx_word' id='word_1_308' title='bbox 422 3693 582 3771; x_wconf 88' lang='lat' dir='ltr'>dicendi</span> <span class='ocrx_word' id='word_1_309' title='bbox 619 3694 680 3769; x_wconf 85' lang='lat' dir='ltr'>via</span> <span class='ocrx_word' id='word_1_310' title='bbox 712 3693 958 3792; x_wconf 92' lang='lat' dir='ltr'>antiquorum</span> <span class='ocrx_word' id='word_1_311' title='bbox 994 3695 1251 3770; x_wconf 67' lang='lat' dir='ltr'>admiratores</span> <span class='ocrx_word' id='word_1_312' title='bbox 1284 3702 1460 3795; x_wconf 87' lang='lat' dir='ltr'>tempora</span> <span class='ocrx_word' id='word_1_313' title='bbox 1490 3691 1721 3792; x_wconf 80' lang='lat' dir='ltr'>Vespasiani</span> <span class='ocrx_word' id='word_1_314' title='bbox 1758 3694 2014 3772; x_wconf 85' lang='lat' dir='ltr'>allirmnrunt.</span> 
     </span>
     <span class='ocr_line' id='line_1_33' title="bbox 278 3793 2014 3898; baseline -0.001 -21"><span class='ocrx_word' id='word_1_315' title='bbox 278 3802 428 3878; x_wconf 89' lang='lat' dir='ltr'>Auctor</span> <span class='ocrx_word' id='word_1_316' title='bbox 460 3795 605 3897; x_wconf 90' lang='lat' dir='ltr'>dialogi</span> <span class='ocrx_word' id='word_1_317' title='bbox 631 3795 683 3871; x_wconf 91' lang='lat' dir='ltr'>de</span> <span class='ocrx_word' id='word_1_318' title='bbox 710 3796 931 3873; x_wconf 91' lang='lat' dir='ltr'>oratoribus</span> <span class='ocrx_word' id='word_1_319' title='bbox 957 3794 1161 3876; x_wconf 88' lang='lat' dir='ltr'>contendit</span> <span class='ocrx_word' id='word_1_320' title='bbox 1190 3793 1243 3894; x_wconf 89' lang='lat' dir='ltr'>(c.</span> <span class='ocrx_word' id='word_1_321' title='bbox 1273 3794 1356 3894; x_wconf 82' lang='lat' dir='ltr'>lli),</span> <span class='ocrx_word' id='word_1_322' title='bbox 1393 3819 1467 3870; x_wconf 92' lang='lat' dir='ltr'>non</span> <span class='ocrx_word' id='word_1_323' title='bbox 1495 3794 1721 3871; x_wconf 87' lang='lat' dir='ltr'>infirmitate</span> <span class='ocrx_word' id='word_1_324' title='bbox 1749 3821 1836 3873; x_wconf 88' lang='lat' dir='ltr'>eum</span> <span class='ocrx_word' id='word_1_325' title='bbox 1866 3797 2014 3898; x_wconf 90' lang='lat' dir='ltr'>ingenii</span> 
     </span>
     <span class='ocr_line' id='line_1_34' title="bbox 279 3897 2013 4002; baseline -0.002 -22"><span class='ocrx_word' id='word_1_326' title='bbox 279 3928 354 3980; x_wconf 91' lang='lat' dir='ltr'>nec</span> <span class='ocrx_word' id='word_1_327' title='bbox 378 3900 536 3978; x_wconf 90' lang='lat' dir='ltr'>inscitia</span> <span class='ocrx_word' id='word_1_328' title='bbox 564 3900 782 3976; x_wconf 89' lang='lat' dir='ltr'>litterarum</span> <span class='ocrx_word' id='word_1_329' title='bbox 809 3900 1057 3975; x_wconf 86' lang='lat' dir='ltr'>transtulisse</span> <span class='ocrx_word' id='word_1_330' title='bbox 1085 3924 1127 3975; x_wconf 94' lang='lat' dir='ltr'>se</span> <span class='ocrx_word' id='word_1_331' title='bbox 1156 3898 1203 3973; x_wconf 87' lang='lat' dir='ltr'>ed</span> <span class='ocrx_word' id='word_1_332' title='bbox 1232 3922 1370 3973; x_wconf 86' lang='lat' dir='ltr'>novum</span> <span class='ocrx_word' id='word_1_333' title='bbox 1402 3897 1559 3973; x_wconf 87' lang='lat' dir='ltr'>dicendi</span> <span class='ocrx_word' id='word_1_334' title='bbox 1585 3920 1730 3997; x_wconf 90' lang='lat' dir='ltr'>genus,</span> <span class='ocrx_word' id='word_1_335' title='bbox 1768 3900 1837 3975; x_wconf 89' lang='lat' dir='ltr'>sad</span> <span class='ocrx_word' id='word_1_336' title='bbox 1859 3898 2013 4002; x_wconf 92' lang='lat' dir='ltr'>judicio</span> 
     </span>
     <span class='ocr_line' id='line_1_35' title="bbox 280 3999 2016 4101; baseline 0 -19"><span class='ocrx_word' id='word_1_337' title='bbox 280 4019 321 4083; x_wconf 90' lang='lat' dir='ltr'>et</span> <span class='ocrx_word' id='word_1_338' title='bbox 346 4004 575 4095; x_wconf 82' lang='lat' dir='ltr'>intellectu;</span> <span class='ocrx_word' id='word_1_339' title='bbox 601 4001 748 4079; x_wconf 81' lang='lat' dir='ltr'>vidisse</span> <span class='ocrx_word' id='word_1_340' title='bbox 776 4001 903 4096; x_wconf 89' lang='lat' dir='ltr'>enim,</span> <span class='ocrx_word' id='word_1_341' title='bbox 929 4028 1015 4079; x_wconf 90' lang='lat' dir='ltr'>cum</span> <span class='ocrx_word' id='word_1_342' title='bbox 1043 4000 1269 4078; x_wconf 88' lang='lat' dir='ltr'>conditione</span> <span class='ocrx_word' id='word_1_343' title='bbox 1295 4011 1513 4101; x_wconf 86' lang='lat' dir='ltr'>temporum</span> <span class='ocrx_word' id='word_1_344' title='bbox 1541 4013 1581 4076; x_wconf 91' lang='lat' dir='ltr'>et</span> <span class='ocrx_word' id='word_1_345' title='bbox 1607 3999 1835 4078; x_wconf 89' lang='lat' dir='ltr'>diversitate</span> <span class='ocrx_word' id='word_1_346' title='bbox 1862 4005 2016 4082; x_wconf 84' lang='lat' dir='ltr'>aurium</span> 
     </span>
     <span class='ocr_line' id='line_1_36' title="bbox 279 4103 2016 4208; baseline -0.001 -22"><span class='ocrx_word' id='word_1_347' title='bbox 279 4109 440 4193; x_wconf 75' lang='lat' dir='ltr'>formam</span> <span class='ocrx_word' id='word_1_348' title='bbox 476 4130 629 4206; x_wconf 92' lang='lat' dir='ltr'>quoque</span> <span class='ocrx_word' id='word_1_349' title='bbox 664 4129 709 4180; x_wconf 86' lang='lat' dir='ltr'>aa</span> <span class='ocrx_word' id='word_1_350' title='bbox 734 4104 906 4206; x_wconf 88' lang='lat' dir='ltr'>speciem</span> <span class='ocrx_word' id='word_1_351' title='bbox 934 4105 1123 4183; x_wconf 88' lang='lat' dir='ltr'>orationis</span> <span class='ocrx_word' id='word_1_352' title='bbox 1151 4128 1237 4179; x_wconf 89' lang='lat' dir='ltr'>esse</span> <span class='ocrx_word' id='word_1_353' title='bbox 1265 4104 1498 4179; x_wconf 91' lang='lat' dir='ltr'>mutandam.</span> <span class='ocrx_word' id='word_1_354' title='bbox 1549 4103 1715 4181; x_wconf 83' lang='lat' dir='ltr'>Tacitus</span> <span class='ocrx_word' id='word_1_355' title='bbox 1741 4104 1862 4180; x_wconf 85' lang='lat' dir='ltr'>tradit</span> <span class='ocrx_word' id='word_1_356' title='bbox 1879 4105 2016 4208; x_wconf 70' lang='lat' dir='ltr'>(Ana.</span> 
     </span>
     <span class='ocr_line' id='line_1_37' title="bbox 281 4205 2018 4310; baseline -0.002 -20"><span class='ocrx_word' id='word_1_357' title='bbox 281 4211 316 4290; x_wconf 91' lang='grc' dir='ltr'>Ι.</span> <span class='ocrx_word' id='word_1_358' title='bbox 340 4210 429 4310; x_wconf 74' lang='grc'>72),</span> <span class='ocrx_word' id='word_1_359' title='bbox 456 4208 633 4286; x_wconf 84' lang='lat' dir='ltr'>Gessium</span> <span class='ocrx_word' id='word_1_360' title='bbox 652 4206 844 4283; x_wconf 79' lang='lat' dir='ltr'>Severum</span> <span class='ocrx_word' id='word_1_361' title='bbox 871 4207 976 4285; x_wconf 81' lang='lat' dir='ltr'>siros</span> <span class='ocrx_word' id='word_1_362' title='bbox 1001 4208 1243 4305; x_wconf 88' lang='lat' dir='ltr'>feminasque</span> <span class='ocrx_word' id='word_1_363' title='bbox 1269 4205 1445 4281; x_wconf 91' lang='lat' dir='ltr'>illustres</span> <span class='ocrx_word' id='word_1_364' title='bbox 1470 4207 1702 4308; x_wconf 87' lang='lat' dir='ltr'>procacibus</span> <span class='ocrx_word' id='word_1_365' title='bbox 1727 4206 1886 4308; x_wconf 83' lang='lat' dir='ltr'>scriptia</span> <span class='ocrx_word' id='word_1_366' title='bbox 1906 4210 2018 4287; x_wconf 78' lang='lat' dir='ltr'>diffa-</span> 
     </span>
     <span class='ocr_line' id='line_1_38' title="bbox 283 4308 2018 4412; baseline -0.001 -20"><span class='ocrx_word' id='word_1_367' title='bbox 283 4339 430 4407; x_wconf 89' lang='lat' dir='ltr'>masse,</span> <span class='ocrx_word' id='word_1_368' title='bbox 455 4336 531 4412; x_wconf 90' lang='lat' dir='ltr'>qua</span> <span class='ocrx_word' id='word_1_369' title='bbox 558 4310 723 4388; x_wconf 88' lang='lat' dir='ltr'>libidine</span> <span class='ocrx_word' id='word_1_370' title='bbox 750 4321 964 4387; x_wconf 91' lang='lat' dir='ltr'>commotus</span> <span class='ocrx_word' id='word_1_371' title='bbox 989 4311 1138 4409; x_wconf 90' lang='lat' dir='ltr'>primns</span> <span class='ocrx_word' id='word_1_372' title='bbox 1155 4312 1356 4410; x_wconf 88' lang='lat' dir='ltr'>Augustus</span> <span class='ocrx_word' id='word_1_373' title='bbox 1377 4308 1635 4409; x_wconf 89' lang='lat' dir='ltr'>cognitionem</span> <span class='ocrx_word' id='word_1_374' title='bbox 1657 4310 1707 4385; x_wconf 93' lang='lat' dir='ltr'>de</span> <span class='ocrx_word' id='word_1_375' title='bbox 1726 4309 1885 4386; x_wconf 88' lang='lat' dir='ltr'>famosis</span> <span class='ocrx_word' id='word_1_376' title='bbox 1905 4313 2018 4390; x_wconf 89' lang='lat' dir='ltr'>libel-</span> 
     </span>
     <span class='ocr_line' id='line_1_39' title="bbox 280 4410 2019 4512; baseline -0.001 -18"><span class='ocrx_word' id='word_1_377' title='bbox 280 4419 331 4509; x_wconf 90' lang='lat' dir='ltr'>lis</span> <span class='ocrx_word' id='word_1_378' title='bbox 357 4412 596 4497; x_wconf 81' lang='lat' dir='ltr'>tractaverit.</span> <span class='ocrx_word' id='word_1_379' title='bbox 649 4411 781 4512; x_wconf 77' lang='lat' dir='ltr'>Qnare</span> <span class='ocrx_word' id='word_1_380' title='bbox 799 4427 840 4489; x_wconf 92' lang='lat' dir='ltr'>et</span> <span class='ocrx_word' id='word_1_381' title='bbox 854 4413 1024 4489; x_wconf 81' lang='lat' dir='ltr'>Messala</span> <span class='ocrx_word' id='word_1_382' title='bbox 1044 4412 1086 4488; x_wconf 94' lang='lat' dir='ltr'>in</span> <span class='ocrx_word' id='word_1_383' title='bbox 1105 4411 1258 4512; x_wconf 91' lang='lat' dir='ltr'>dialogo</span> <span class='ocrx_word' id='word_1_384' title='bbox 1279 4411 1436 4487; x_wconf 89' lang='lat' dir='ltr'>laudato</span> <span class='ocrx_word' id='word_1_385' title='bbox 1456 4438 1489 4488; x_wconf 88' lang='lat' dir='ltr'>c.</span> <span class='ocrx_word' id='word_1_386' title='bbox 1507 4411 1578 4488; x_wconf 67' lang='lat' dir='ltr'>aaz</span> <span class='ocrx_word' id='word_1_387' title='bbox 1610 4410 1819 4511; x_wconf 90' lang='lat' dir='ltr'>Equidem,</span> <span class='ocrx_word' id='word_1_388' title='bbox 1846 4414 1914 4511; x_wconf 93' lang='lat' dir='ltr'>ait,</span> <span class='ocrx_word' id='word_1_389' title='bbox 1938 4440 2019 4493; x_wconf 86' lang='lat' dir='ltr'>noa</span> 
     </span>
     <span class='ocr_line' id='line_1_40' title="bbox 282 4513 2019 4621; baseline -0.001 -24"><span class='ocrx_word' id='word_1_390' title='bbox 282 4519 516 4621; x_wconf 85' lang='lat' dir='ltr'>negaverim,</span> <span class='ocrx_word' id='word_1_391' title='bbox 543 4514 719 4593; x_wconf 82' lang='lat' dir='ltr'>Cassium</span> <span class='ocrx_word' id='word_1_392' title='bbox 738 4513 941 4611; x_wconf 81' lang='lat' dir='ltr'>Severum,</span> <span class='ocrx_word' id='word_1_393' title='bbox 968 4515 1003 4592; x_wconf 93' lang='lat' dir='ltr'>ai</span> <span class='ocrx_word' id='word_1_394' title='bbox 1020 4515 1071 4590; x_wconf 94' lang='lat' dir='ltr'>iis</span> <span class='ocrx_word' id='word_1_395' title='bbox 1087 4525 1346 4616; x_wconf 88' lang='lat' dir='ltr'>comparetur,</span> <span class='ocrx_word' id='word_1_396' title='bbox 1371 4513 1436 4613; x_wconf 93' lang='lat' dir='ltr'>qui</span> <span class='ocrx_word' id='word_1_397' title='bbox 1455 4526 1591 4615; x_wconf 92' lang='lat' dir='ltr'>postea</span> <span class='ocrx_word' id='word_1_398' title='bbox 1610 4515 1785 4608; x_wconf 86' lang='lat' dir='ltr'>fuerunt,</span> <span class='ocrx_word' id='word_1_399' title='bbox 1801 4542 1916 4617; x_wconf 89' lang='lat' dir='ltr'>posse</span> <span class='ocrx_word' id='word_1_400' title='bbox 1934 4544 2019 4595; x_wconf 91' lang='lat' dir='ltr'>ora·</span> 
     </span>
     <span class='ocr_line' id='line_1_41' title="bbox 281 4617 2022 4719; baseline -0.001 -19"><span class='ocrx_word' id='word_1_401' title='bbox 281 4636 406 4700; x_wconf 85' lang='lat' dir='ltr'>torem</span> <span class='ocrx_word' id='word_1_402' title='bbox 432 4618 578 4713; x_wconf 84' lang='lat' dir='ltr'>vocari,</span> <span class='ocrx_word' id='word_1_403' title='bbox 605 4642 819 4718; x_wconf 89' lang='lat' dir='ltr'>quanquam</span> <span class='ocrx_word' id='word_1_404' title='bbox 846 4619 888 4695; x_wconf 93' lang='lat' dir='ltr'>iu</span> <span class='ocrx_word' id='word_1_405' title='bbox 917 4640 1050 4718; x_wconf 89' lang='lat' dir='ltr'>magna</span> <span class='ocrx_word' id='word_1_406' title='bbox 1069 4628 1179 4718; x_wconf 91' lang='lat' dir='ltr'>parte</span> <span class='ocrx_word' id='word_1_407' title='bbox 1200 4618 1388 4695; x_wconf 89' lang='lat' dir='ltr'>librorum</span> <span class='ocrx_word' id='word_1_408' title='bbox 1404 4641 1562 4693; x_wconf 90' lang='lat' dir='ltr'>suorum</span> <span class='ocrx_word' id='word_1_409' title='bbox 1581 4618 1670 4718; x_wconf 93' lang='lat' dir='ltr'>plus</span> <span class='ocrx_word' id='word_1_410' title='bbox 1689 4617 1748 4694; x_wconf 82' lang='lat' dir='ltr'>via</span> <span class='ocrx_word' id='word_1_411' title='bbox 1775 4618 1925 4719; x_wconf 86' lang='lat' dir='ltr'>(legere</span> <span class='ocrx_word' id='word_1_412' title='bbox 1943 4645 2022 4698; x_wconf 68' lang='lat' dir='ltr'>ma</span> 
     </span>
     <span class='ocr_line' id='line_1_42' title="bbox 282 4718 2020 4822; baseline -0.001 -19"><span class='ocrx_word' id='word_1_413' title='bbox 282 4727 351 4804; x_wconf 89' lang='lat' dir='ltr'>lim</span> <span class='ocrx_word' id='word_1_414' title='bbox 378 4750 465 4803; x_wconf 89' lang='lat' dir='ltr'>cum</span> <span class='ocrx_word' id='word_1_415' title='bbox 481 4722 757 4798; x_wconf 80' lang='lat' dir='ltr'>Lunnnssamso</span> <span class='ocrx_word' id='word_1_416' title='bbox 783 4719 929 4822; x_wconf 86' lang='lat' dir='ltr'>„siri“)</span> <span class='ocrx_word' id='word_1_417' title='bbox 955 4722 1119 4815; x_wconf 89' lang='lat' dir='ltr'>habeat,</span> <span class='ocrx_word' id='word_1_418' title='bbox 1145 4745 1257 4820; x_wconf 89' lang='lat' dir='ltr'>quem</span> <span class='ocrx_word' id='word_1_419' title='bbox 1283 4718 1507 4820; x_wconf 80' lang='lat' dir='ltr'>sanguinia3</span> <span class='ocrx_word' id='word_1_420' title='bbox 1534 4720 1681 4822; x_wconf 91' lang='lat' dir='ltr'>primus</span> <span class='ocrx_word' id='word_1_421' title='bbox 1705 4719 1808 4796; x_wconf 89' lang='lat' dir='ltr'>enim</span> <span class='ocrx_word' id='word_1_422' title='bbox 1825 4735 2020 4802; x_wconf 87' lang='lat' dir='ltr'>contemto</span> 
     </span>
     <span class='ocr_line' id='line_1_43' title="bbox 282 4822 2022 4925; baseline -0.002 -18"><span class='ocrx_word' id='word_1_423' title='bbox 282 4830 424 4908; x_wconf 92' lang='lat' dir='ltr'>ordine</span> <span class='ocrx_word' id='word_1_424' title='bbox 441 4848 585 4918; x_wconf 88' lang='lat' dir='ltr'>rerum,</span> <span class='ocrx_word' id='word_1_425' title='bbox 611 4822 753 4901; x_wconf 87' lang='lat' dir='ltr'>omissa</span> <span class='ocrx_word' id='word_1_426' title='bbox 774 4824 965 4902; x_wconf 88' lang='lat' dir='ltr'>modestia</span> <span class='ocrx_word' id='word_1_427' title='bbox 984 4849 1029 4899; x_wconf 93' lang='lat' dir='ltr'>ac</span> <span class='ocrx_word' id='word_1_428' title='bbox 1044 4824 1195 4925; x_wconf 90' lang='lat' dir='ltr'>pudore</span> <span class='ocrx_word' id='word_1_429' title='bbox 1213 4825 1435 4915; x_wconf 86' lang='lat' dir='ltr'>verborum,</span> <span class='ocrx_word' id='word_1_430' title='bbox 1461 4822 1560 4922; x_wconf 89' lang='lat' dir='ltr'>ipsis</span> <span class='ocrx_word' id='word_1_431' title='bbox 1577 4823 1708 4917; x_wconf 88' lang='lat' dir='ltr'>etiam,</span> <span class='ocrx_word' id='word_1_432' title='bbox 1725 4824 1867 4924; x_wconf 90' lang='lat' dir='ltr'>quibus</span> <span class='ocrx_word' id='word_1_433' title='bbox 1882 4827 2022 4919; x_wconf 90' lang='lat' dir='ltr'>utitor,</span> 
     </span>
     <span class='ocr_line' id='line_1_44' title="bbox 281 4923 2022 5028; baseline -0.002 -17"><span class='ocrx_word' id='word_1_434' title='bbox 281 4932 402 5011; x_wconf 88' lang='lat' dir='ltr'>armis</span> <span class='ocrx_word' id='word_1_435' title='bbox 426 4927 709 5028; x_wconf 87' lang='lat' dir='ltr'>incompositus</span> <span class='ocrx_word' id='word_1_436' title='bbox 736 4939 777 5003; x_wconf 88' lang='lat' dir='ltr'>et</span> <span class='ocrx_word' id='word_1_437' title='bbox 800 4927 932 5003; x_wconf 84' lang='lat' dir='ltr'>studio</span> <span class='ocrx_word' id='word_1_438' title='bbox 957 4926 1128 5003; x_wconf 81' lang='lat' dir='ltr'>feriendi</span> <span class='ocrx_word' id='word_1_439' title='bbox 1155 4927 1383 5028; x_wconf 86' lang='lat' dir='ltr'>plerumque</span> <span class='ocrx_word' id='word_1_440' title='bbox 1415 4923 1613 5025; x_wconf 87' lang='lat' dir='ltr'>dejectus,</span> <span class='ocrx_word' id='word_1_441' title='bbox 1656 4952 1731 5003; x_wconf 92' lang='lat' dir='ltr'>non</span> <span class='ocrx_word' id='word_1_442' title='bbox 1759 4940 1924 5028; x_wconf 89' lang='lat' dir='ltr'>pugnat,</span> <span class='ocrx_word' id='word_1_443' title='bbox 1948 4929 2022 5007; x_wconf 85' lang='lat' dir='ltr'>setl</span> 
     </span>
     <span class='ocr_line' id='line_1_45' title="bbox 284 5028 2022 5132; baseline -0.001 -20"><span class='ocrx_word' id='word_1_444' title='bbox 284 5036 463 5124; x_wconf 82' lang='lat' dir='ltr'>rixatur3</span> <span class='ocrx_word' id='word_1_445' title='bbox 489 5046 685 5122; x_wconf 89' lang='lat' dir='ltr'>ceterum,</span> <span class='ocrx_word' id='word_1_446' title='bbox 711 5030 966 5130; x_wconf 85' lang='lat' dir='ltr'>sequentibus</span> <span class='ocrx_word' id='word_1_447' title='bbox 989 5040 1250 5130; x_wconf 87' lang='lat' dir='ltr'>comparatus,</span> <span class='ocrx_word' id='word_1_448' title='bbox 1276 5040 1317 5105; x_wconf 92' lang='lat' dir='ltr'>et</span> <span class='ocrx_word' id='word_1_449' title='bbox 1343 5028 1533 5106; x_wconf 86' lang='lat' dir='ltr'>varietate</span> <span class='ocrx_word' id='word_1_450' title='bbox 1560 5029 1796 5105; x_wconf 88' lang='lat' dir='ltr'>eruditionis</span> <span class='ocrx_word' id='word_1_451' title='bbox 1819 5042 1861 5106; x_wconf 90' lang='lat' dir='ltr'>et</span> <span class='ocrx_word' id='word_1_452' title='bbox 1886 5033 2022 5132; x_wconf 90' lang='lat' dir='ltr'>lepore</span> 
     </span>
     <span class='ocr_line' id='line_1_46' title="bbox 286 5130 2024 5233; baseline -0.002 -18"><span class='ocrx_word' id='word_1_453' title='bbox 286 5132 520 5215; x_wconf 88' lang='lat' dir='ltr'>urbanitatis</span> <span class='ocrx_word' id='word_1_454' title='bbox 553 5144 594 5207; x_wconf 90' lang='lat' dir='ltr'>et</span> <span class='ocrx_word' id='word_1_455' title='bbox 621 5132 792 5233; x_wconf 87' lang='lat' dir='ltr'>ipsarum</span> <span class='ocrx_word' id='word_1_456' title='bbox 819 5130 961 5209; x_wconf 81' lang='lat' dir='ltr'>virium</span> <span class='ocrx_word' id='word_1_457' title='bbox 987 5134 1128 5208; x_wconf 87' lang='lat' dir='ltr'>robore</span> <span class='ocrx_word' id='word_1_458' title='bbox 1156 5134 1318 5208; x_wconf 93' lang='lat' dir='ltr'>multum</span> <span class='ocrx_word' id='word_1_459' title='bbox 1345 5146 1502 5210; x_wconf 87' lang='lat' dir='ltr'>ceteros</span> <span class='ocrx_word' id='word_1_460' title='bbox 1528 5144 1701 5232; x_wconf 84' lang='lat' dir='ltr'>superat.</span> <span class='ocrx_word' id='word_1_461' title='bbox 1754 5131 2024 5229; x_wconf 73' lang='lat' dir='ltr'>Quintilianus</span> 
     </span>
     <span class='ocr_line' id='line_1_47' title="bbox 286 5232 2023 5335; baseline 0.001 -21"><span class='ocrx_word' id='word_1_462' title='bbox 286 5240 322 5316; x_wconf 88' lang='lat' dir='ltr'>ei</span> <span class='ocrx_word' id='word_1_463' title='bbox 352 5238 603 5316; x_wconf 89' lang='lat' dir='ltr'>acerbitatem</span> <span class='ocrx_word' id='word_1_464' title='bbox 630 5233 805 5313; x_wconf 85' lang='lat' dir='ltr'>vindicat</span> <span class='ocrx_word' id='word_1_465' title='bbox 831 5233 943 5332; x_wconf 85' lang='lat' dir='ltr'>(XII.</span> <span class='ocrx_word' id='word_1_466' title='bbox 974 5233 1038 5330; x_wconf 83' lang='grc'>10,</span> <span class='ocrx_word' id='word_1_467' title='bbox 1070 5233 1130 5310; x_wconf 90' lang='lat'>11.</span> <span class='ocrx_word' id='word_1_468' title='bbox 1156 5235 1207 5312; x_wconf 80' lang='lat' dir='ltr'>cl&#39;.</span> <span class='ocrx_word' id='word_1_469' title='bbox 1234 5233 1285 5309; x_wconf 87' lang='grc' dir='ltr'>Χ.</span> <span class='ocrx_word' id='word_1_470' title='bbox 1316 5236 1356 5327; x_wconf 96' lang='lat' dir='ltr'>l,</span> <span class='ocrx_word' id='word_1_471' title='bbox 1383 5232 1464 5328; x_wconf 65' lang='grc' dir='ltr'>Ὦ).</span> <span class='ocrx_word' id='word_1_472' title='bbox 1518 5234 1579 5309; x_wconf 86' lang='lat' dir='ltr'>Dc</span> <span class='ocrx_word' id='word_1_473' title='bbox 1608 5236 1716 5311; x_wconf 82' lang='lat' dir='ltr'>exitu</span> <span class='ocrx_word' id='word_1_474' title='bbox 1745 5232 1830 5335; x_wconf 86' lang='lat' dir='ltr'>ejus</span> <span class='ocrx_word' id='word_1_475' title='bbox 1854 5236 2023 5316; x_wconf 74' lang='lat' dir='ltr'>Tiberio</span> 
     </span>
     <span class='ocr_line' id='line_1_48' title="bbox 287 5335 2025 5444; baseline 0 -25"><span class='ocrx_word' id='word_1_476' title='bbox 287 5344 504 5444; x_wconf 88' lang='lat' dir='ltr'>imperante</span> <span class='ocrx_word' id='word_1_477' title='bbox 541 5340 599 5416; x_wconf 89' lang='lat' dir='ltr'>sic</span> <span class='ocrx_word' id='word_1_478' title='bbox 633 5338 807 5436; x_wconf 90' lang='lat' dir='ltr'>loquitur</span> <span class='ocrx_word' id='word_1_479' title='bbox 839 5337 1004 5422; x_wconf 75' lang='lat' dir='ltr'>‘l&#39;acitus</span> <span class='ocrx_word' id='word_1_480' title='bbox 1038 5335 1369 5437; x_wconf 75' lang='lat' dir='ltr'>(Ann.1V.2l)z</span> <span class='ocrx_word' id='word_1_481' title='bbox 1422 5335 1601 5413; x_wconf 87' lang='lat' dir='ltr'>Relatum</span> <span class='ocrx_word' id='word_1_482' title='bbox 1635 5337 1685 5413; x_wconf 94' lang='lat' dir='ltr'>de</span> <span class='ocrx_word' id='word_1_483' title='bbox 1713 5336 1849 5416; x_wconf 83' lang='lat' dir='ltr'>Cassio</span> <span class='ocrx_word' id='word_1_484' title='bbox 1876 5339 2025 5419; x_wconf 85' lang='lat' dir='ltr'>Severo</span> 
     </span>
    </p>
   </div>
   <div class='ocr_carea' id='block_1_5' title="bbox 286 5438 2027 5648">
    <p class='ocr_par' dir='ltr' id='par_1_9' title="bbox 286 5438 2027 5648">
     <span class='ocr_line' id='line_1_49' title="bbox 286 5438 2027 5648; baseline -0.01 -124"><span class='ocrx_word' id='word_1_485' title='bbox 286 5447 446 5539; x_wconf 86' lang='lat' dir='ltr'>exsule,</span> <span class='ocrx_word' id='word_1_486' title='bbox 479 5442 546 5544; x_wconf 94' lang='lat' dir='ltr'>qni</span> <span class='ocrx_word' id='word_1_487' title='bbox 572 5439 757 5520; x_wconf 90' lang='lat' dir='ltr'>sordidae</span> <span class='ocrx_word' id='word_1_488' title='bbox 785 5441 985 5544; x_wconf 80' lang='lat' dir='ltr'>originis,</span> <span class='ocrx_word' id='word_1_489' title='bbox 1010 5438 1211 5521; x_wconf 77' lang='lat' dir='ltr'>maleficae</span> <span class='ocrx_word' id='word_1_490' title='bbox 1237 5438 1362 5648; x_wconf 52' lang='lat' dir='ltr'>p*</span> <span class='ocrx_word' id='word_1_491' title='bbox 1386 5439 1457 5517; x_wconf 90' lang='lat' dir='ltr'>sed</span> <span class='ocrx_word' id='word_1_492' title='bbox 1483 5439 1622 5517; x_wconf 90' lang='lat' dir='ltr'>orandi</span> <span class='ocrx_word' id='word_1_493' title='bbox 1649 5439 1825 5538; x_wconf 83' lang='lat' dir='ltr'>validus,</span> <span class='ocrx_word' id='word_1_494' title='bbox 1858 5469 1932 5551; x_wconf 86' lang='lat' dir='ltr'>par</span> <span class='ocrx_word' id='word_1_495' title='bbox 1957 5445 2027 5524; x_wconf 89' lang='lat' dir='ltr'>im.</span> 
     </span>
    </p>
   </div>
   <div class='ocr_carea' id='block_1_6' title="bbox 0 0 2319 6000">
    <p class='ocr_par' dir='ltr' id='par_1_10' title="bbox 0 0 2319 6000">
     <span class='ocr_line' id='line_1_50' title="bbox 0 0 2319 6000; baseline 0 0"><span class='ocrx_word' id='word_1_496' title='bbox 0 0 2319 6000; x_wconf 95' lang='lat' dir='ltr'> </span> 
     </span>
    </p>
   </div>
  </div>
 </body>
</html>
